@inproceedings{Beaumont:2004:PMAA,
author = "Olivier Beaumont and El Mostafa Daoudi and Nicolas Maillard and
  Pierre Manneback and Jean-Louis Roch",
title = "Tradeoff to minimize extra-computations and stopping criterion tests
  for parallel iterative schemes",
booktitle = "3rd International Workshop on Parallel Matrix Algorithms and
  Applications (PMAA04)",
address = "CIRM, Marseille, France",
day = "18--22",
month = "October",
year = "2004"}

@inproceedings{Erlingsson:1996:issac,
author = "\'Ulfar Erlingsson and Erich Kaltofen and David Musser",
title = "Generic {Gram}-{Schmidt} Orthogonalization by Exact Division",
pages = "275--282",
editor = "Y. N. Lakshman",
booktitle = "Proceedings of the 1996 ACM International Symposium on Symbolic
  and Algebraic Computation, Zurich, Switzerland",
publisher = "ACM Press, New York",
day = "24--26",
month = "July",
year = "1996"}

@inproceedings{jgd:2002:icms,
author = "Jean-Guillaume Dumas and Thierry Gautier and Mark Giesbrecht and
  Pascal Giorgi and Bradford Hovinen and Erich Kaltofen and B. David Saunders
  and Will J. Turner and Gilles Villard",
title = "{LinBox}: A Generic Library for Exact Linear Algebra",
pages = "40--50",
editor = "Arjeh M. Cohen and Xiao-Shan Gao and Nobuki Takayama",
booktitle = "Proceedings of the 2002 International Congress of Mathematical
  Software, Beijing, China",
publisher = "World Scientific Pub.",
day = "17--19",
month = "August",
year = "2002"}

@inproceedings{jgd:2010:crt,
author = "Jean-Guillaume Dumas and Thierry Gautier and Jean-Louis Roch",
title = "Generic design of Chinese remaindering schemes",
editor = "Marc Moreno-Maza and Jean-Louis Roch",
booktitle = "PASCO 2010",
publisher = "Universit\'e de Grenoble, France",
day = "21--23",
month = "July",
year = "2010"}

