%bibclean  -max-width 0 -align-equal bboyer.bib

@String{LNCS   = "Lecture Notes in Computer Science"}

@String{ShortFOCS2000 = "Proceedings of The \ensuremath{41^{st}} Annual IEEE Symposium on Foundations of Computer Science, Redondo Beach, California"}

@String{LogoFOCS2000 = "FOCS 2000"}

@String{ProcFOCS2000 = LogoFOCS2000 # ". " # ShortFOCS2000}

@String{ShortISSAC92 = "Proceedings of the 1992 International Symposium on Symbolic and Algebraic Computation, Berkeley, California"}

@String{LogoISSAC92 = "{ISSAC}'92"}

@String{ProcISSAC92 = LogoISSAC92 # ". " # ShortISSAC92}

@String{ShortISSAC97 = "Proceedings of the 1997 International Symposium on Symbolic and Algebraic Computation, Maui, Hawaii"}

@String{LogoISSAC97 = "{ISSAC}'97"}

@String{ProcISSAC97 = LogoISSAC97 # ". " # ShortISSAC97}

@String{ShortCASC2002 = "Proceedings of the fifth International Workshop on Computer Algebra in Scientific Computing, Yalta, Ukraine"}

@String{LogoCASC2002 = "{CASC}'2002"}

@String{ProcCASC2002 = LogoCASC2002 # ". " # ShortCASC2002}

@String{ShortCASC00 = "Proceedings of the Third International Workshop on Computer Algebra in Scientific Computing, Samarkand, Uzbekistan"}

@String{LogoCASC00 = "CASC'00"}

@String{ProcCASC00 = LogoCASC00 # ". " # ShortCASC00}

@String{ShortISSAC2008 = "Proceedings of the 2008 ACM International Symposium on Symbolic and Algebraic Computation, Hagenberg, Austria"}

@String{LogoISSAC2008 = "{ISSAC}'2008"}

@String{ProcISSAC2008 = LogoISSAC2008 # ". " # ShortISSAC2008}

@String{ShortISSAC2003 = "Proceedings of the 2003 ACM International Symposium on Symbolic and Algebraic Computation, Philadelphia, Pennsylvania, USA"}

@String{LogoISSAC2003 = "{ISSAC}'2003"}

@String{ProcISSAC2003 = LogoISSAC2003 # ". " # ShortISSAC2003}

@String{LogoISSAC1998 = "{ISSAC}'1998"}

@String{ShortISSAC1998 = "Proceedings of the 1998 International Symposium on Symbolic and Algebraic Computation"}

@String{ProcISSAC1998 = "{ISSAC}'1998. Proceedings of the 1998 International Symposium on Symbolic and Algebraic Computation"}

@String{ProcISSAC2000 = "{ISSAC}'2000. Proceedings of the 2000 International Symposium on Symbolic and Algebraic Computation, Saint Andrews, Scotland"}

@String{ShortISSAC2000 = "Proceedings of the 2000 International Symposium on Symbolic and Algebraic Computation, Saint Andrews, Scotland"}

@String{LogoISSAC2000 = "{ISSAC}'2000"}

@String{ShortCASC2004 = "Proceedings of the seventh International Workshop on Computer Algebra in Scientific Computing, Yalta, Ukraine"}

@String{LogoCASC2004 = "{CASC}'2004"}

@String{ProcCASC2004 = LogoCASC2004 # ". " # ShortCASC2004}

@String{ShortISSAC2004 = "Proceedings of the 2004 International Symposium on Symbolic and Algebraic Computation, Santander, Spain"}

@String{LogoISSAC2004 = "{ISSAC}'2004"}

@String{ProcISSAC2010 = "Proceedings of the 2010 International Symposium on Symbolic and Algebraic Computation, Munich, Germany"}

@String{LogoISSAC2010 = "{ISSAC}'2010"}

@String{ShortISSAC2005 = "Proceedings of the 2005 International Symposium on Symbolic and Algebraic Computation, Beijing, China"}

@String{LogoISSAC2005 = "{ISSAC}'2005"}

@String{ProcISSAC2005 = LogoISSAC2005 # ". " # ShortISSAC2005}

@String{ShortISSAC2006 = "Proceedings of the 2006 ACM International Symposium on Symbolic and Algebraic Computation, Genova, Italy"}

@String{LogoISSAC2006 = "{ISSAC}'2006"}

@String{ProcISSAC2006 = LogoISSAC2006 # ". " # ShortISSAC2006}

@String{ShortTC2006 = "Proceedings of Transgressive Computing 2006, Granada, Espa\~na"}

@String{LogoTC2006 = "{TC}'2006"}

@String{ProcTC2006 = LogoTC2006 # ". " # ShortTC2006}

@String{ProcISSAC2002 = "{ISSAC}'2002. Proceedings of the 2002 International Symposium on Symbolic and Algebraic Computation, Lille, France"}

@String{ShortISSAC2002 = "Proceedings of the 2002 International Symposium on Symbolic and Algebraic Computation, Lille, France"}

@String{LogoISSAC2002 = "{ISSAC}'2002"}

@String{ProcICMS2002 = "{ICMS}'2002. Proceedings of the 2002 International Congress of Mathematical Software, Beijing, China"}

@String{ShortICMS2002 = "Proceedings of the 2002 International Congress of Mathematical Software, Beijing, China"}

@String{LogoICMS = "{ICMS}'2002"}

%%%%%%%%%%%%%%%%%%%%%%%%%%%%%%%%
%A
@Article{Abdeljaoued:2001:charpdomain,
  author       = "Journa{\"i}di Abdeljaoued and Gennadi I. Malaschonok",
  title        = "Efficient Algorithms for Computing the Characteristic Polynomial in a Domain",
  journal      = "Journal of Pure and Applied Algebra",
  volume       = "156",
  pages        = "127--145",
  year         = "2001",
}

%B
@Article{Bader:2006:comm,
  title        = "Cache Oblivious Matrix Multiplication using an element ordering based on a {Peano} curve",
  author       = "Michael Bader and Christoph Zenger",
  journal      = "Linear Algebra and its Applications",
  volume       = "417",
  number       = "2--3",
  year         = "2006",
  month        = sep,
  pages        = "301--313",
}

@Article{Bailey:1988:matmul,
  author       = "David H. Bailey",
  collaboration = "",
  title        = "Extra High Speed Matrix Multiplication on the {C}ray-$2$",
  publisher    = "SIAM",
  year         = "1988",
  journal      = "SIAM Journal on Scientific and Statistical Computing",
  volume       = "9",
  number       = "3",
  pages        = "603--607",
  keywords     = "matrix multiplication; {S}trassen's algorithm",
  URL          = "http://link.aip.org/link/?SCE/9/603/1",
  doi          = "10.1137/0909040",
}

@Article{Barbu:12:optform,
  author       = "Razvan Barbulescu and J{é}r{é}mie Detrey and Nicolas Estibals and Paul Zimmermann",
  title        = "Finding Optimal Formulae for Bilinear Maps",
  journal      = "IACR Cryptology ePrint Archive",
  volume       = "2012",
  year         = "2012",
  pages        = "110",
  ee           = "http://eprint.iacr.org/2012/110",
}

@Article{BaurStrassen:1983:deriv,
  author       = "Walter Baur and Volker Strassen",
  title        = "The complexity of partial derivatives",
  journal      = "Theoretical Computer Science",
  volume       = "22",
  number       = "3",
  year         = "1983",
  pages        = "317--330",
}

@Article{Berkowitz:1984:pardet,
  author       = "Stuart J. Berkowitz",
  title        = "On computing the determinant in small parallel time using a small number of processors",
  journal      = "Information Processing Letters",
  volume       = "18",
  number       = "3",
  year         = "1984",
  ISSN         = "0020-0190",
  pages        = "147--150",
  publisher    = "Elsevier North-Holland, Inc.",
}

@Article{biasse:10:classgroup,
  hal_id       = "inria-00477896",
  URL          = "http://hal.inria.fr/inria-00477896",
  title        = "{Practical improvements to class group and regulator computation of real quadratic fields}",
  author       = "Jean-Fran{\c c}ois Biasse and Jacobson Michael",
  affiliation  = "Laboratoire d'informatique de l'{é}cole polytechnique - LIX , LFANT - INRIA Bordeaux - Sud-Ouest , Department of Computer Science [Calgary] - CPSC",
  publisher    = "Springer",
  journal      = "Lecture notes in computer science",
  audience     = "internationale",
  year         = "2010",
  pdf          = "http://hal.inria.fr/inria-00477896/PDF/ANTS.pdf",
}

@Article{Bini:1979:matmul,
  author       = "D. Bini and M. Capovani and G. Lotti and F. Romani",
  title        = "${O}(n^{2.7799})$ complexity for matrix multiplication",
  journal      = "Information Processing Letters",
  volume       = "8",
  pages        = "234--235",
  year         = "1979",
}

@Article{Bini:80:apa,
  author       = "D. Bini",
  affiliation  = "Istituto di Matematica dell'Università di Pisa Pisa Italy Pisa Italy",
  title        = "Relations between exact and approximate bilinear algorithms. Applications",
  journal      = "Calcolo",
  publisher    = "Springer Milan",
  ISSN         = "0008-0624",
  keyword      = "Mathematics and Statistics",
  pages        = "87--97",
  volume       = "17",
  issue        = "1",
  note         = "10.1007/BF02575865",
  year         = "1980",
}


@Article{Bini:1980:stability,
  author       = "Dario Bini and Grazia Lotti",
  title        = "Stability of fast algorithms for matrix multiplication",
  volume       = "36",
  number       = "1",
  year         = "1980",
  month        = mar,
  doi          = "10.1007/BF01395989",
  pages        = "63--72",
  journal      = "Numerische Mathematik",
}

@Article{Blomer:1997:rank,
  author       = "Johannes Bl{\"o}mer and Richard Karp and Emo Welzl",
  title        = "The Rank of Sparse Random Matrices Over Finite Fields",
  year         = "1997",
  volume       = "10",
  journal      = "RSA: Random Structures \& Algorithms",
}

@InProceedings{Bodrato:ISSAC2010,
  author       = "Marco Bodrato",
  title        = "A {S}trassen-like matrix multiplication suited for squaring and higher power computation",
  pages        = "273--280",
  doi          = "http://doi.acm.org/10.1145/1837934.1837987",
  booktitle    = "ISSAC 2010: Proceedings of the 2010 International Symposium on Symbolic and Algebraic Computation",
  editor       = "Stephen M. Watt",
  year         = "2010",
  month        = jul,
  isbn-13      = "978-1-4503-0150-3",
  publisher    = "ACM",
  crossref     = "2010:ISSAC",
}


@Article{Buchberger:1993:MSD,
  author       = "Bruno Buchberger",
  title        = "{Mathematica}: {A} System for Doing Mathematics by Computer?",
  journal      = LNCS,
  volume       = "722",
  pages        = "1--1",
  year         = "1993",
}

@Article{Bunch:1974:matmul,
  author       = "James R. Bunch and John E. Hopcroft",
  title        = "Triangular Factorization and Inversion by Fast Matrix Multiplication.",
  journal      = "Mathematics of Computation",
  year         = "1974",
  volume       = "28",
  pages        = "231--236",
}

@TechReport{Brent:70:Algomat,
  author       = "R. P. Brent",
  title        = "Algorithms for matrix multiplication",
  institution  = "Stanford University",
  year         = "1970",
  number       = "TR-CS-70-157",
  month        = mar,
  doi          = "http://web.comlab.ox.ac.uk/oucl/work/richard.brent/pd/rpb002i.pdf",
}

@InProceedings{Boyer:2010:spmv,
  author       = "Brice Boyer and Jean-Guillaume Dumas and Pascal Giorgi",
  title        = "Exact sparse matrix-vector multiplication on {GPU}'s and multicore architectures",
  booktitle    = "Proceedings of the 4th International Workshop on Parallel and Symbolic Computation",
  series       = "PASCO '10",
  year         = "2010",
  isbn-13      = "978-1-4503-0067-4",
  location     = "Grenoble, France",
  pages        = "80--88",
  numpages     = "9",
  URL          = "http://doi.acm.org/10.1145/1837210.1837224",
  doi          = "http://doi.acm.org/10.1145/1837210.1837224",
  acmid        = "1837224",
  publisher    = "ACM",
  address      = "New York, NY, USA",
  keywords     = "block Wiedemann, finite field, parallelism, rank, sparse matrix vector multiplication",
}

@InProceedings{Boyer:2009:sched,
  author       = "Brice Boyer and Jean-Guillaume Dumas and Cl\'{e}ment Pernet and Wei Zhou",
  title        = "Memory efficient scheduling of {S}trassen-{W}inograd's matrix multiplication algorithm",
  booktitle    = "Proceedings of the 2009 international symposium on Symbolic and algebraic computation",
  series       = "ISSAC '09",
  year         = "2009",
  isbn-13      = "978-1-60558-609-0",
  location     = "Seoul, Republic of Korea",
  pages        = "55--62",
  numpages     = "8",
  URL          = "http://doi.acm.org/10.1145/1576702.1576713",
  doi          = "http://doi.acm.org/10.1145/1576702.1576713",
  acmid        = "1576713",
  publisher    = "ACM",
  address      = "New York, NY, USA",
  keywords     = "matrix multiplication, memory placement, strassen-winograd's algorithm",
}

%C
@Article{Cantor:1991:Kaltofen,
  title        = "On Fast Multiplication of Polynomials over Arbitrary Algebras",
  author       = "David G. Cantor and Erich Kaltofen",
  journal      = "Acta Informatica",
  pages        = "693--701",
  year         = "1991",
  volume       = "28",
  number       = "7",
}

@Article{Chen:2002:efficientmatrix,
  author       = "Li Chen and Wayne Eberly and Erich Kaltofen and B. David Saunders and William J. Turner and Gilles Villard",
  title        = "{Efficient matrix preconditioners for black box linear algebra}",
  journal      = "Linear Algebra and its Applications",
  volume       = "343-344",
  pages        = "119--146",
  year         = "2002",
}

@Article{Chen:2002:EP,
  author       = "Li Chen and Wayne Eberly and Erich Kaltofen and B. David Saunders and William J. Turner and Gilles Villard",
  title        = "{Efficient matrix preconditioners for black box linear algebra}",
  journal      = "Linear Algebra and its Applications",
  volume       = "343-344",
  pages        = "119--146",
  year         = "2002",
}

@Article{ChouC:82:dioph,
  author       = "Tsu-Wu J. Chou and George E. Collins",
  title        = "Algorithms for the Solution of Systems of Linear Diophantine Equations",
  journal      = "SIAM J. Comput.",
  volume       = "11",
  number       = "4",
  year         = "1982",
  pages        = "687--708",
  ee           = "http://dx.doi.org/10.1137/0211057",
  bibsource    = "DBLP, http://dblp.uni-trier.de",
}

@Article{Coppersmith:1990:MMAP,
  author       = "Don Coppersmith and Shmuel Winograd",
  title        = "Matrix multiplication via arithmetic progressions",
  journal      = "Journal of Symbolic Computation",
  volume       = "9",
  number       = "3",
  pages        = "251--280",
  year         = "1990",
}

@Article{Coppersmith:1994:SHL,
  author       = "Don Coppersmith",
  title        = "Solving homogeneous linear equations over {GF[2]} via block {Wiedemann} algorithm",
  journal      = "Mathematics of Computation",
  volume       = "62",
  number       = "205",
  pages        = "333--350",
  month        = jan,
  year         = "1994",
  CODEN        = "MCMPAF",
  ISSN         = "0025-5718",
  MRclass      = "11Y16 (11-04 15A06 15A33)",
  MRnumber     = "94c:11124",
  mrreviewer   = "Jacques Calmet",
  acknowledgement = ack-nhfb,
}

@Article{Coppersmith:1997:rect,
  author       = "Don Coppersmith",
  title        = "Rectangular Matrix Multiplication Revisited",
  journal      = "Journal of Symbolic Computation",
  volume       = "13",
  pages        = "42--49",
  year         = "1997",
}

@Article{Courrieu:2005:FMP,
  author       = "Pierre Courrieu",
  title        = "Fast Computation of {Moore-Penrose} Inverse Matrices",
  journal      = "Neural Information Processing - Letters and Reviews",
  volume       = "8",
  number       = "2",
  pages        = "25--29",
  month        = aug,
  year         = "2005",
}

@Article{Courrieu:2005:FMP,
  author       = "Pierre Courrieu",
  title        = "Fast Computation of {Moore-Penrose} Inverse Matrices",
  journal      = "Neural Information Processing - Letters and Reviews",
  volume       = "8",
  number       = "2",
  pages        = "25--29",
  month        = aug,
  year         = "2005",
}

@Article{Bard:11:23mul,
  author       = "Nicolas Courtois and Gregory V. Bard and Daniel Hulme",
  title        = "A New General-Purpose Method to Multiply 3x3 Matrices Using Only 23 Multiplications",
  journal      = "CoRR",
  year         = "2011",
  ee           = "http://arxiv.org/abs/1108.2830",
  bibsource    = "DBLP, http://dblp.uni-trier.de",
}

#volume       = "abs/1108.2830",

@Article{csanky:1976,
  author       = "L. Csanky",
  title        = "Fast Parallel Inversion Algorithms",
  journal      = "SIAM Journal on Computing",
  year         = "1976",
  volume       = "5",
  number       = "4",
  pages        = "618--623",
}

%D
@Article{Danilevskii:1937:polchar,
  author       = "A. M. Danilevski\u{\i}",
  title        = "Sur la solution numérique de l'équation caractéristique (en russe)",
  journal      = "Math. Sbornik",
  volume       = "44",
  number       = "2",
  pages        = "169--172",
  year         = "1937",
}

@Article{Demmel:1988:numdiff,
  author       = "James W. Demmel",
  title        = "The Probability that a Numerical Analysis Problem is Difficult",
  year         = "1988",
  month        = apr,
  journal      = "Mathematics of Computation",
  volume       = "50",
  number       = "182",
  pages        = "449--480",
}

@Article{Demmel:2005:raffinement,
  author       = "James Demmel and Yozo Hida and W. Kahan and S. Li Xiaoye and Soni Mukherjee and E. Jason Riedy",
  title        = "Error bounds from extra precise iterative refinement",
  month        = feb,
  year         = "2005",
  note         = "LAPACK working note 165",
  URL          = "www.netlib.org/lapack/lawnspdf/lawn165.pdf",
  number       = "UCB//CSD-04-1344",
}

@Article{Dixon:1982:Pad,
  author       = "John D. Dixon",
  title        = "{Exact solution of linear equations using p-adic expansions.}",
  year         = "1982",
  volume       = "40",
  pages        = "137--141",
  journal      = "Numerische Mathematik",
  keywords     = "{exact arithmetic; p-adic approximation; rational approximation; integer matrix; successive refinements; Euclidean algorithm}",
  classmath    = "{*65F05 Direct methods for linear systems 15A06 Linear equations (linear algebra) 12J10 Valued fields 11A63 Radix representation }",
}

@Article{Dumas:2002:PC,
  author       = "Jean-Guillaume Dumas and Jean-Louis Roch",
  title        = "On parallel block algorithms for exact triangularizations",
  journal      = "Parallel Computing",
  year         = "2002",
  month        = nov,
  volume       = "28",
  number       = "11",
  pages        = "1531--1548",
}

@Article{Dumas:2008:Flas,
  author       = "Jean-Guillaume Dumas and Pascal Giorgi and Cl\'{e}ment Pernet",
  title        = "Dense Linear Algebra over Word-Size Prime Fields: the {FFLAS} and {FFPACK} Packages",
  journal      = "ACM Trans. Math. Softw.",
  volume       = "35",
  number       = "3",
  year         = "2008",
  ISSN         = "0098-3500",
  pages        = "1--42",
  doi          = "http://doi.acm.org/10.1145/1391989.1391992",
  publisher    = "ACM",
  address      = "New York, NY, USA",
}

@InProceedings{Dumas:10:CRA,
  hal_id       = "hal-00449864",
  URL          = "http://hal.archives-ouvertes.fr/hal-00449864",
  title        = "{Generic design of Chinese remaindering schemes}",
  author       = "Jean-Guillaume Dumas and Thierry Gautier and Jean-Louis Roch",
  affiliation  = "Laboratoire Jean Kuntzmann - LJK , MOAIS - INRIA Grenoble Rh{\^o}ne-Alpes / LIG Laboratoire d'Informatique de Grenoble",
  booktitle    = "{Proceedings of the 4th International Workshop on Parallel and Symbolic Computation}",
  publisher    = "Association for Computing Machinery",
  pages        = "26--34",
  address      = "Grenoble, France",
  editor       = "Marc Moreno Maza \& Jean-Louis Roch",
  audience     = "internationale",
  doi          = "10.1145/1837210.1837218",
  year         = "2010",
  month        = Jul,
  pdf          = "http://hal.archives-ouvertes.fr/hal-00449864/PDF/crtDGR.pdf",
}

@Article{Dumas:2001:JSC,
  author       = "Jean-Guillaume Dumas and B. David Saunders and Gilles Villard",
  title        = "On efficient sparse integer matrix {Smith} normal form computations",
  journal      = "Journal of Symbolic Computation",
  year         = "2001",
  volume       = "32",
  month        = jul # "--" # aug,
  number       = "1/2",
  pages        = "71--99",
}

@Article{Dongarra:1988:Blas,
  title        = "An extended set of {FORTRAN} Basic Linear Algebra Subprograms",
  author       = "J. J. Dongarra and J. Du Croz and S. Hammarling and R. J. Hanson",
  year         = "1988",
  journal      = "Transaction on Mathematical Software",
  volume       = "14",
  pages        = "1--17",
}

@Article{Dongarra:1990:BLAS,
  author       = "Jack J. Dongarra and Jeremy Du Croz and Sven Hammarling and Iain Duff",
  title        = "A Set of Level 3 {Basic Linear Algebra Subprograms}",
  journal      = "Transactions on Mathematical Software",
  volume       = "16",
  number       = "1",
  pages        = "1--17",
  month        = mar,
  year         = "1990",
  CODEN        = "ACMSCU",
  ISSN         = "0098-3500",
  acknowledgement = ack-nhfb,
  keywords     = "algorithms; measurement; performance; reliability; verification",
  kwds         = "kernels, linear algebra",
  subject      = "{\bf G.4}: Mathematics of Computing, MATHEMATICAL SOFTWARE. {\bf G.1.3}: Mathematics of Computing, NUMERICAL ANALYSIS, Numerical Linear Algebra, Linear systems (direct and iterative methods). {\bf F.2.1}: Theory of Computation, ANALYSIS OF ALGORITHMS AND PROBLEM COMPLEXITY, Numerical Algorithms and Problems, Computations on matrices. {\bf G.1.0}: Mathematics of Computing, NUMERICAL ANALYSIS, General, Numerical algorithms.",
}

@Misc{Dongarra94sparse,
  author       = "Jack Dongarra Andrew and Andrew Lumsdaine and Xinhiu Niu and Roldan Pozo and Karin Remington",
  title        = "A Sparse Matrix Library in {C}++ for High Performance Architectures",
  year         = "1994",
}

@Article{Douglas:1994:gemmw,
  author       = "C. C. Douglas and M. Heroux and G. Slishman and R. M. Smith",
  title        = "{GEMMW}: {A} portable Level~3 {BLAS} {Winograd} variant of {Strassen}'s matrix-matrix multiply algorithm",
  journal      = "Journal of Computational Physics",
  volume       = "110",
  year         = "1994",
  pages        = "1--10",
}

%E
@Article{Edelman:1992:Condition,
  author       = "Allan Edelman",
  title        = "On the Distribution of a Scaled Condition Number",
  year         = "1992",
  volume       = "58",
  number       = "197",
  journal      = "Mathematics of Computation",
  pages        = "185--190",
}

%F
@Article{frame:1949:inverting,
  author       = "J. S. Frame",
  title        = "A Simple Recurrent Formula for inverting a matrix (abstract)",
  journal      = "Bulletin of American Mathematical Society",
  volume       = "55",
  year         = "1949",
  pages        = "1045",
}

%G
@Article{Giesbrecht:2002:intratform,
  author       = "Mark Giesbrecht and Arne Storjohann",
  title        = "Computing rational forms of integer matrices",
  journal      = "J. Symb. Comput.",
  volume       = "34",
  number       = "3",
  year         = "2002",
  ISSN         = "0747-7171",
  pages        = "157--172",
  doi          = "http://dx.doi.org/10.1006/jsco.2002.0554",
  publisher    = "Academic Press, Inc.",
}

@Article{Giesbrecht:1995:NOA,
  author       = "Mark Giesbrecht",
  title        = "Nearly Optimal Algorithms For Canonical Matrix Form",
  journal      = "SIAM Journal on Computing",
  volume       = "24",
  number       = "5",
  pages        = "948--969",
  year         = "1995",
}

@Article{Gustavson:1998:RBD,
  author       = "F. Gustavson and A. Henriksson and I. Jonsson and B. Kaagstroem",
  title        = "Recursive Blocked Data Formats and {BLAS's} for Dense Linear Algebra Algorithms",
  journal      = "Lecture Notes in Computer Science",
  volume       = "1541",
  pages        = "195--206",
  year         = "1998",
  CODEN        = "LNCSD9",
  ISSN         = "0302-9743",
  acknowledgement = ack-nhfb,
  keywords     = "applied parallel computing; PARA; parallel computing; computing science",
}

%H
@Article{Havas:98:xgcd,
  author       = "George Havas and Bohdan S. Majewski and Keith R. Matthews",
  title        = "Extended gcd and Hermite normal form algorithms via lattice basis reduction",
  journal      = "Experimental Mathematics",
  year         = "1998",
  volume       = "7",
  pages        = "125--136",
}

@Article{Higham:1990:EFM,
  author       = "Nicholas J. Higham",
  title        = "Exploiting Fast Matrix Multiplication Within the Level 3 {BLAS}",
  journal      = "Trans. on Mathematical Software",
  volume       = "16",
  number       = "4",
  pages        = "352--368",
  month        = dec,
  year         = "1990",
  CODEN        = "ACMSCU",
  ISSN         = "0098-3500",
  URL          = "www.acm.org/pubs/toc/Abstracts/0098-3500/98290.html",
  abstract     = "The Level 3 BLAS (BLAS3) are a set of specifications of FORTRAN 77 subprograms for carrying out matrix multiplications and the solution of triangular systems with multiple right-hand sides. They are intended to provide efficient and portable building blocks for linear algebra algorithms on high-performance computers. We describe algorithms for the BLAS3 operations that are asymptotically faster than the conventional ones. These algorithms are based on {S}trassen's method for fast matrix multiplication, which is now recognized to be a practically useful technique once matrix dimensions exceed about 100. We pay particular attention to the numerical stability of these ``fast BLAS3.'' Error bounds are given and their significance is explained and illustrated with the aid of numerical experiments. Our conclusion is that the fast BLAS3, although not as strongly stable as conventional implementations, are stable enough to merit careful consideration in many applications.",
  acknowledgement = ack-nhfb,
  keywords     = "algorithms",
  subject      = "{\bf G.1.3}: Mathematics of Computing, NUMERICAL ANALYSIS, Numerical Linear Algebra. {\bf D.3.2}: Software, PROGRAMMING LANGUAGES, Language Classifications, FORTRAN 77.",
}

@Article{Higham:1992:stability,
  author       = "Nicholas J. Higham",
  title        = "Stability of block alorithms with ast level 3 {BLAS}",
  journal      = "Trans. on Mathematical Software",
  volume       = "18",
  number       = "3",
  pages        = "274--291",
  year         = "1992",
}

@Article{Hopcroft:1971:MNM,
  author       = "J. E. Hopcroft and L. R. Kerr",
  title        = "On Minimizing the Number of Multiplications Necessary for Matrix Multiplication",
  journal      = j-SIAM-J-APPL-MATH,
  volume       = "20",
  number       = "1",
  pages        = "30--36",
  month        = jan,
  year         = "1971",
  CODEN        = "SMJMAP",
  ISSN         = "0036-1399 (print), 1095-712X (electronic)",
  issn-l       = "0036-1399",
  bibdate      = "Thu Oct 15 18:16:06 MDT 1998",
  bibsource    = "http://www.math.utah.edu/pub/tex/bib/siamjapplmath.bib; JSTOR database",
  acknowledgement = ack-nhfb,
  classification = "C4140 (Linear algebra)",
  corpsource   = "Cornell Univ., Ithaca, NY, USA",
  fjournal     = "SIAM Journal on Applied Mathematics",
  keywords     = "commutativity; matrix algebra; matrix multiplication; minimization of number of multiplications",
  treatment    = "T Theoretical or Mathematical",
}

@Article{Huang:1998:matmul,
  title        = "Fast rectangular matrix multiplication and applications",
  author       = "Xiaohan Huang and Victor Y. Pan",
  journal      = "J. Complexity",
  volume       = "14",
  number       = "2",
  pages        = "257--299",
  month        = jun,
  year         = "1998",
}

%I
@Article{Ibarra:1982:LSP,
  title        = "A Generalization of the Fast {LUP} Matrix Decomposition Algorithm and Applications",
  author       = "Oscar H. Ibarra and Shlomo Moran and Roger Hui",
  pages        = "45--56",
  journal      = "Journal of Algorithms",
  year         = "1982",
  month        = mar,
  volume       = "3",
  number       = "1",
}

%J
@Article{Johnson:1986:noncom,
  author       = "R. W. Johnson and A. M. McLoughlin",
  title        = "Noncommutative bilinear algorithms for $3\times 3$ matrix multiplication",
  journal      = "SIAM J. Comput.",
  year         = "1986",
  volume       = "15",
  number       = "2",
  pages        = "594--603",
  month        = may,
}

%K
@Article{Kaporin:2004:TCS,
  title        = "The aggregation and cancellation techniques as a practical tool for faster matrix multiplication",
  author       = "Igor Kaporin",
  journal      = "Theoretical Computer Science",
  year         = "2004",
  number       = "2-3",
  volume       = "315",
  pages        = "469--510",
}

@Article{Kaltofen:1990;BB,
  author       = "Erich Kaltofen and Barry M. Trager",
  title        = "Computing with polynomials given by black boxes for their evaluations: greatest common divisors, factorization, separation of numerators and denominators",
  journal      = "Journal of Symbolic Computation",
  volume       = "9",
  number       = "3",
  year         = "1990",
  ISSN         = "0747-7171",
  pages        = "301--320",
  publisher    = "Academic Press, Inc.",
  address      = "Duluth, MN, USA",
}

@Article{Kaltofen:2004:det,
  author       = "Erich Kaltofen and Gilles Villard",
  title        = "On the complexity of computing determinants",
  journal      = "Computational Complexity",
  year         = "2004",
  volume       = "13",
  pages        = "91--130",
}

@Article{Kaltofen:1995:ACB,
  author       = "Erich Kaltofen",
  title        = "Analysis of {Coppersmith}'s block {Wiedemann} algorithm for the parallel solution of sparse linear systems",
  journal      = "Mathematics of Computation",
  volume       = "64",
  number       = "210",
  pages        = "777--806",
  month        = apr,
  year         = "1995",
  CODEN        = "MCMPAF",
  ISSN         = "0025-5718",
  MRclass      = "65F50 (15A06 65Y05)",
  MRnumber     = "95f:65094",
  mrreviewer   = "James Weldon Demmel",
  acknowledgement = ack-nhfb,
  affiliation  = "Dept. of Comput. Sci., Rensselaer Polytech. Inst., Troy, NY, USA",
  classcodes   = "B0290H (Linear algebra); B0290F (Interpolation and function approximation); C4140 (Linear algebra); C4240P (Parallel programming and algorithm theory); C4130 (Interpolation and function approximation)",
  corpsource   = "Dept. of Comput. Sci., Rensselaer Polytech. Inst., Troy, NY, USA",
  keywords     = "block Toeplitz; Coppersmiths block Wiedemann algorithm; iterative methods; linear systems; parallel algorithms; parallel solution; randomizations; sparse linear; sparse matrices; system; systems",
  treatment    = "T Theoretical or Mathematical",
}

@Article{Kaltofen:1998:Open,
  author       = "Erich Kaltofen",
  title        = "Challenges of Symbolic computation: My favorite open problems",
  journal      = "Journal of Symbolic Computation",
  volume       = "29",
  number       = "6",
  month        = jun,
  year         = "2000",
  pages        = "891--919",
}

@Article{KannanB:79:herm,
  author       = "Ravindran Kannan and Achim Bachem",
  title        = "Polynomial Algorithms for Computing the Smith and Hermite Normal Forms of an Integer Matrix",
  journal      = "SIAM J. Comput.",
  volume       = "8",
  number       = "4",
  year         = "1979",
  pages        = "499--507",
  ee           = "http://dx.doi.org/10.1137/0208040",
  bibsource    = "DBLP, http://dblp.uni-trier.de",
}

@InProceedings{siek:00:concept,
  author       = "Jeremy G. Siek and Andrew Lumsdaine",
  title        = "Concept checking: Binding parametric polymorphism in {C}++",
  booktitle    = "Proceedings of the First Workshop on C++ Template Programming",
  address      = "Erfurt, Germany",
  year         = "2000",
}


@InProceedings{siek:98:MTL,
  author       = "Jeremy G. Siek and Andrew Lumsdaine",
  title        = "The Matrix Template Library: {A} Generic Programming Approach to High Performance Numerical Linear Algebra",
  booktitle    = "International Symposium on Computing in Object-Oriented Parallel Environments",
  number       = "1505",
  pages        = "59--70",
  series       = "Lecture Notes in Computer Science",
  year         = "1998",
}

@Article{Keller-Gehrig:1985:polchar,
  title        = "Fast algorithms for the characteristic polynomial",
  author       = "Walter Keller-Gehrig",
  pages        = "309--317",
  journal      = "Theoretical computer science",
  year         = "1985",
  volume       = "36",
}

@Article{Knight:1995:FRM,
  author       = "Philip A. Knight",
  title        = "Fast Rectangular Matrix Multiplication and {$QR$} Decomposition",
  journal      = "Linear Algebra and its Applications",
  volume       = "221",
  number       = "1--3",
  pages        = "69--81",
  month        = may,
  year         = "1995",
}

%L
@Article{Laderman:1992:PAA,
  author       = "Julian Laderman and Victor Pan and Xuan-He Sha",
  title        = "On Practical Algorithms for Accelerated Matrix Multiplication",
  journal      = "Linear Algebra and its Applications",
  volume       = "162-164",
  pages        = "557--588",
  year         = "1992",
}

@Article{Laderman:1976:noncom,
  author       = "J. D. Laderman",
  journal      = "Bull. of the Am. Math. Soc.",
  title        = "A non commutative algorithm for multiplying $3 \times 3$ matrices using 23 multiplications.",
  year         = "1976",
  volume       = "82",
  number       = "1",
  pages        = "126--128",
  month        = jan,
}

@Article{Lawson:1979:BLAS,
  title        = "Basic Linear Algebra Subprograms for {FORTRAN} usage",
  author       = "C. L. Lawson and R. J. Hanson and D. Kincaid and F. T. Krogh",
  year         = "1979",
  journal      = "Transaction on Mathematical Software",
  volume       = "5",
  pages        = "308--323",
}

@Article{Leverrier:1840:Charp,
  title        = "Sur les variations séculaires des éléments elliptiques des sept plantètes principales",
  author       = "U. J. J. Le Verrier",
  pages        = "220--254",
  journal      = "Journal des Mathématiques Pures et Appliquées",
  year         = "1840",
  volume       = "5",
}

%M
@Article{Montgomery:1985:MMT,
  author       = "Peter L. Montgomery",
  title        = "Modular Multiplication Without Trial Division",
  journal      = "Mathematics of Computation",
  volume       = "44",
  number       = "170",
  pages        = "519--521",
  month        = apr,
  year         = "1985",
  CODEN        = "MCMPAF",
  ISSN         = "0025-5718",
  MRclass      = "11Y16",
  MRnumber     = "86e:11121",
  acknowledgement = ack-nhfb,
  classcodes   = "C1160 (Combinatorial mathematics); C5230 (Digital arithmetic methods); C6130 (Data handling techniques)",
  corpsource   = "Syst. Dev. Corp., Santa Monica, CA, USA",
  keywords     = "digital arithmetic; integer; integer arithmetic; modular arithmetic; modular multiplication; multiplication; N-residue; N-residue arithmetic; number theory",
  treatment    = "T Theoretical or Mathematical",
}

@InProceedings{MMMazza:2010:CFS,
  author       = "Sardar Anisul Haque and Shahadat Hossain and Marc Moreno Maza",
  title        = "Cache friendly sparse matrix-vector multiplication",
  booktitle    = "Proceedings of the 4th International Workshop on Parallel and Symbolic Computation",
  series       = "PASCO '10",
  year         = "2010",
  isbn-13      = "978-1-4503-0067-4",
  location     = "Grenoble, France",
  pages        = "175--176",
  numpages     = "2",
  URL          = "http://doi.acm.org/10.1145/1837210.1837238",
  doi          = "http://doi.acm.org/10.1145/1837210.1837238",
  acmid        = "1837238",
  publisher    = "ACM",
  address      = "New York, NY, USA",
  keywords     = "binary reflected gray code, cache complexity, sparse matrix",
}

%N
@Article{Noble:1966:MCG,
  author       = "Ben Noble",
  title        = "A Method for Computing the Generalized Inverse of a Matrix",
  journal      = "SIAM Journal on Numerical Analysis",
  volume       = "3",
  number       = "4",
  pages        = "582--584",
  month        = dec,
  year         = "1966",
}

%O
@Article{OGorman:1996:FTC,
  author       = "T. J. O'Gorman and J. M. Ross and A. H. Taber and J. F. Ziegler and H. P. Muhlfeld and C. J. Montrose and H. W. Curtis and J. L. Walsh",
  title        = "Field testing for cosmic ray soft errors in semiconductor memories",
  journal      = "IBM Journal of Research and Development",
  volume       = "40",
  number       = "1",
  pages        = "41--50",
  month        = jan,
  year         = "1996",
  CODEN        = "IBMJAE",
  ISSN         = "0018-8646",
  URL          = "http://www.almaden.ibm.com/journal/rd40-1.html#four",
  abstract     = "This paper presents a review of experiments performed by IBM to investigate the causes of soft errors in semiconductor memory chips under field test conditions. The effects of alpha-particles and cosmic rays are separated by comparing multiple measurements of the soft-error rate (SER) of samples of memory chips deep underground and at various altitudes above the earth. The results of case studies on four different memory chips show that cosmic rays are an important source of the ionizing radiation that causes soft errors. The results of field testing are used to confirm the accuracy of the modeling and the accelerated testing of chips.",
  acknowledgement = ack-nhfb,
  classcodes   = "B1265D (Memory circuits); B0170E (Production facilities and engineering); B2570 (Semiconductor integrated circuits); B0170N (Reliability)",
  corpsource   = "IBM Corp., Essex Junction, VT, USA",
  keywords     = "accelerated testing; alpha-particle effects; circuit reliability; cosmic ray interactions; cosmic ray soft errors; field; IBM; integrated; integrated circuit testing; ionizing radiation; life testing; memory circuits; semiconductor memories; soft-error rate; test conditions",
  treatment    = "P Practical; X Experimental",
  xxlibnote    = "Issue missing from UofUtah Marriott Library",
}

@Article{Oh:2010:strass,
  author       = "Seunghyun Oh and Byung-Ro Moon",
  title        = "Automatic reproduction of a genius algorithm: {S}trassen's algorithm revisited by genetic search",
  journal      = "Trans. Evol. Comp",
  issue_date   = "April 2010",
  volume       = "14",
  number       = "2",
  month        = apr,
  year         = "2010",
  ISSN         = "1089-778X",
  pages        = "246--251",
  numpages     = "6",
  URL          = "http://dx.doi.org/10.1109/TEVC.2009.2029568",
  doi          = "10.1109/TEVC.2009.2029568",
  acmid        = "1821218",
  publisher    = "IEEE Press",
  address      = "Piscataway, NJ, USA",
  keywords     = "Gaussian elimination, Sammon mapping, Strassen's algorithm, bilinear, genetic algorithm, matrix multiplication",
}

%P
@Article{Pernet:2003:Charp,
  author       = "Clément Pernet and Zhendong Wan",
  title        = "{L U} based algorithms for characteristic polynomial over a finite field",
  journal      = "SIGSAM Bull.",
  volume       = "37",
  number       = "3",
  year         = "2003",
  ISSN         = "0163-5824",
  pages        = "83--84",
  doi          = "http://doi.acm.org/10.1145/990353.990367",
  publisher    = "ACM Press",
  note         = "Poster available at \url{www-lmc.imag.fr/lmc-mosaic/Clement.Pernet}",
}

@Article{Pernet:2010:HNF,
  title        = "Fast computation of Hermite normal forms of random integer matrices",
  journal      = "Journal of Number Theory",
  volume       = "130",
  number       = "7",
  pages        = "1675--1683",
  year         = "2010",
  ISSN         = "0022-314X",
  doi          = "DOI: 10.1016/j.jnt.2010.01.017",
  URL          = "http://www.sciencedirect.com/science/article/B6WKD-4YS4CKH-1/2/93eba0c516fd668e8759ea484bf96c80",
  author       = "Clément Pernet and William Stein",
  keywords     = "Hermite normal form",
  keywords     = "Exact linear algebra",
}

@Article{preparata:1978:parallel,
  author       = "F. Preparata and D. Sarwate",
  title        = "An Improved Parallel Processor Bound in Fast Matrix Inversion",
  journal      = "Information Processing Letters",
  volume       = "7",
  number       = "3",
  year         = "1978",
  pages        = "148--150",
}

%Q
%R
@Article{Robbins:1955:stirling,
  author       = "Herbert Robbins",
  title        = "A remark on {Stirling}'s Formula",
  year         = "1955",
  month        = jan,
  journal      = "The American Mathematical Monthly",
  volume       = "62",
  number       = "1",
  pages        = "26--29",
}

%S
@Article{Samuelson:1942:charpol,
  author       = "Paul A. Samuelson",
  title        = "A Method of Determining Explicitly the Coefficients of the Characteristic Equation",
  journal      = "Annals of Mathematical Statistics",
  volume       = "13",
  number       = "4",
  year         = "1942",
  month        = dec,
  pages        = "424--429",
}

@Article{Schatzman:2005:bonmat,
  author       = "M. Schatzman",
  title        = "Les Bonnes Matrices sont Rares",
  year         = "2005",
  month        = oct,
  pages        = "41--56",
  journal      = "MATAPLI, bulletin de la SMAI",
  volume       = "78",
  note         = "\url{http://atlas.mat.ub.es/personals/sombra/cours/uba/programas/schatz05.pdf}",
}

@Article{Schonage:1981:matmul,
  author       = "A. Sch{\"o}nage",
  title        = "Partial and total matrix multiplication",
  journal      = "SIAM Journal of Complexity",
  volume       = "10",
  pages        = "434--455",
  year         = "1981",
}

BibTeX | EndNote | ACM Ref

@InProceedings{Sethi:1973:CRA,
  author       = "Ravi Sethi",
  title        = "Complete register allocation problems",
  booktitle    = "Proceedings of the fifth annual ACM symposium on Theory of computing",
  series       = "STOC '73",
  year         = "1973",
  location     = "Austin, Texas, United States",
  pages        = "182--195",
  numpages     = "14",
  URL          = "http://doi.acm.org/10.1145/800125.804049",
  doi          = "10.1145/800125.804049",
  acmid        = "804049",
  publisher    = "ACM",
  address      = "New York, NY, USA",
  keywords     = "Dag, Polynomial complete, Program optimization, Register allocation, Straight line program",
}

@Article{Smith:1961:SNF,
  author       = "Henry John Stephen Smith",
  year         = "1961",
  journal      = "Philosophical Transactions of the Royal Society",
  address      = "London",
  title        = "On systems of linear indeterminate equations and congruences",
  volume       = "151",
  pages        = "293--326",
}

@Article{souriau:1948,
  author       = "J.-M. Souriau",
  title        = "Une méthode pour la décomposition spectrale et l'inversion des matrices",
  journal      = "Comptes-Rendus de l'Académie des Sciences",
  volume       = "227",
  year         = "1948",
  pages        = "1010--1011",
}

@Article{steel:1997:canon,
  author       = "A. Steel",
  title        = "A new algorithm for the computation of canonical forms of matrices over fields",
  journal      = "Journal of Symbolic Computation",
  pages        = "409--432",
  year         = "1997",
  volume       = "24",
}

@Article{Steffy:2010:OSlifting,
  author       = "Daniel Steffy",
  title        = "Exact Solutions to Linear Systems of Equations using Output Sensitive Lifting",
  year         = "2010",
  journal      = "ACM Communications in Computer Algebra",
  volume       = "44",
  number       = "4",
}

@Article{Strassen:1969:GENO,
  author       = "Volker Strassen",
  title        = "{Gaussian} elimination is not optimal",
  journal      = "Numerische Mathematik",
  volume       = "13",
  pages        = "354--356",
  year         = "1969",
}

@Article{Strassen:73:div,
  author       = "Volker Strassen",
  title        = "{Vermeidung von Divisionen.}",
  language     = "German",
  journal      = "J. Reine Angew. Math.",
  volume       = "264",
  pages        = "184--202",
  year         = "1973",
  classmath    = "{65F05 (Direct methods for linear systems and matrix inversion (numerical linear algebra)) 65F99 (Numerical linear algebra) 68Q25 (Analysis of algorithms and problem complexity) }",
}

@Article{Storjohann:2003:HighOrder,
  author       = "Arne Storjohann",
  title        = "High--Order Lifting and Integrality Certification",
  journal      = "Journal of Symbolic Computation",
  year         = "2003",
  volume       = "36",
  number       = "3--4",
  pages        = "613--648",
  note         = "Extended abstract in~\cite{Storjohann:2002:highorder}.",
}

@Article{Storjohann:2004:CertSysSolv,
  author       = "T. Mulders and A. Storjohann",
  title        = "Certified dense linear system solving",
  journal      = "Journal of Symbolic Computation",
  year         = "2004",
  volume       = "37",
  number       = "4",
  pages        = "485--510",
  note         = "",
  ISSN         = "0747-7171",
  doi          = "DOI: 10.1016/j.jsc.2003.07.004",
  URL          = "http://www.sciencedirect.com/science/article/B6WM7-4BRTKXF-5/2/d8c1d54846bd1b55c693fabda7780848",
  keywords     = "Linear system solution",
  keywords     = "Diophantine system solution",
  keywords     = "Integer matrix",
  keywords     = "Polynomial matrix",
  keywords     = "Randomized algorithm",
  keywords     = "Las Vegas",
}

%T
@Article{Tvrdik:2006:spmv,
  author       = "Pavel Tvrdik and Ivan Simecek",
  title        = "A New Approach for Accelerating the Sparse Matrix-Vector Multiplication",
  journal      = "Symbolic and Numeric Algorithms for Scientific Computing, International Symposium on",
  volume       = "0",
  ISBN         = "0-7695-2740-X",
  year         = "2006",
  pages        = "156--163",
  doi          = "http://doi.ieeecomputersociety.org/10.1109/SYNASC.2006.4",
  publisher    = "IEEE Computer Society",
  address      = "Los Alamitos, CA, USA",
}

%U
%V
@Article{Vasquez:2009:ellr,
  author       = "F. Vazquez and E. M. Garzon and J. A. Martinez and J. J. Fernandez",
  title        = "The sparse matrix vector product on {GPU}s",
  journal      = "Technical Report",
  location     = "University of Almeria",
  month        = jun,
  year         = "2009",
}

%W
@Article{Wan:2006:RatSolvNum,
  author       = "Zhendong Wan",
  title        = "An algorithm to solve integer linear systems exactly using numerical methods",
  journal      = "J. Symb. Comput.",
  volume       = "41",
  issue        = "6",
  month        = jun,
  year         = "2006",
  ISSN         = "0747-7171",
  pages        = "621--632",
  numpages     = "12",
  URL          = "http://dx.doi.org/10.1016/j.jsc.2005.11.001",
  doi          = "http://dx.doi.org/10.1016/j.jsc.2005.11.001",
  acmid        = "1740883",
  publisher    = "Academic Press, Inc.",
  address      = "Duluth, MN, USA",
  keywords     = "Linear systems, Numerical linear algebra methods, Rational solvers",
}

@Article{Wang:2003:AEA,
  author       = "Xinmao Wang and Victor and Y. Pan",
  title        = "Acceleration of Euclidean algorithm and rational number reconstruction",
  journal      = "SIAM Journal on Computing",
  year         = "2003",
  volume       = "32",
  pages        = "2003",
}

@Article{Whaley:2001:AEO,
  author       = "R. Clint Whaley and Antoine Petitet and Jack J. Dongarra",
  title        = "Automated empirical optimizations of software and the {ATLAS} project",
  journal      = "Parallel Computing",
  volume       = "27",
  number       = "1--2",
  pages        = "3--35",
  day          = "??",
  month        = jan,
  year         = "2001",
  CODEN        = "PACOEJ",
  ISSN         = "0167-8191",
}

@Article{Wiedemann:1986:SSLE,
  author       = "Douglas H. Wiedemann",
  title        = "Solving Sparse Linear Equations Over Finite Fields",
  volume       = "32",
  number       = "1",
  month        = jan,
  year         = "1986",
  pages        = "54--62",
  journal      = "IEEE Transactions on Information Theory",
}

@Article{Winograd:1971:tbtmm,
  author       = "Shmuel Winograd",
  title        = "On Multiplication of 2x2 Matrices",
  journal      = "Linear Algebra and Application",
  volume       = "4",
  pages        = "381--388",
  year         = "1971",
}

%X
%Y
%Z

%%%%%%%%%%%%%%%%%%%%%%%%%%%%%%%%

@Book{Aho:1974:DACA,
  author       = "Alfred V. Aho and John E. Hopcroft and Jeffrey D. Ullman",
  title        = "The Design and Analysis of Computer Algorithms",
  publisher    = "Addison-Wesley",
  year         = "1974",
  ISBN         = "0-201-00029-6",
  descriptor   = "Algorithmus, Analyse, Arithmetik, Berechnung, Datenstruktur, Effizienz, Entwurf, Fouriertransformation, Graph, Komplexitaet, Matrix, Mengenbearbeitung, Mustererkennung, NP-Vollstaendigkeit, Sortieren, Unloesbarkeit",
  annote       = "Standardwerk der Algorithmik 1. Models of computation 2. Design of efficient algorithms 3. Sorting and order statistics 4. Data structures for set manipulation 5. Algorithms on graphs 6. Matrix multiplication and related operations 7. The Fast Fourier Transformation and its applications 8. Integer and polynomial arithmetic 9. Pattern matching algorithms 10. NP-complete problems 11. Some provable intractable problems 12. Lower bounds on numbers Arithmetic operations",
}

@Book{alexandrescu:01:modern,
  title        = "Modern {C}++ design: generic programming and design patterns applied",
  author       = "A. Alexandrescu",
  isbn-13      = "9780201704310",
  LCCN         = "00049596",
  series       = "C++ in-depth series",
  year         = "2001",
  publisher    = "Addison-Wesley",
}

@Book{Anderson:1999:lapack,
  author       = "E. Anderson and Z. Bai and C. Bischof and S. Blackford and J. Demmel and J. Dongarra and J. Du Croz and A. Greenbaum and S. Hammarling and A. McKenney and D. Sorensen",
  title        = "{LAPACK} Users' Guide",
  edition      = "Third",
  publisher    = "Society for Industrial and Applied Mathematics",
  year         = "1999",
  address      = "Philadelphia, PA",
  ISBN         = "0-89871-447-8 (paperback)",
}

@Book{Bach:1996:ANTEA,
  author       = "Eric Bach and Jeffrey Shallit",
  title        = "Algorithmic Number Theory --- Efficient Algorithms",
  added-by     = "sti",
  URL          = "http://www.math.uwaterloo.ca/~shallit/anterrata.html",
  volume       = "I",
  year         = "1996",
  publisher    = "MIT Press",
  added-at     = "Fri Sep 28 20:37:48 2001",
  address      = "Cambridge, USA",
  note         = "ISBN: 0-262-02405-5",
}

@Book{stroustrup1994design,
  title        = "The design and evolution of {C}++",
  author       = "B. Stroustrup",
  isbn-13      = "978-0-201-54330-8",
  LCCN         = "93050758",
  series       = "Programming languages/C++",
  year         = "1994",
  publisher    = "Addison-Wesley",
}

@Book{Bini:1994:PMC-FA,
  author       = "Dario Bini and Victor Pan",
  title        = "Polynomial and Matrix Computations, Volume 1: Fundamental Algorithms.",
  publisher    = "Birkhauser",
  address      = "Boston",
  year         = "1994",
}

@Book{Burgisser:1997:ACT,
  author       = "Michael Clausen and Peter {B\"urgisser} and Mohammad A. Shokrollahi",
  title        = "Algebraic Complexity Theory",
  publisher    = "Springer",
  year         = "1997",
  ISBN         = "3-540-60582-7",
}

@Book{Char:1990:leaves,
  author       = "Bruce W. Char and Keith O. Geddes and Gaston H. Gonnet and Benton Leong and Michael B. Monagan and Stephen M. Watt",
  title        = "First Leaves: {A} Tutorial Introduction to {Maple V}",
  publisher    = "Springer Verlag",
  address      = "New York",
  year         = "1992",
}

@Book{Char:1991:MVLRM,
  author       = "Bruce W. Char and Keith O. Geddes and Gaston H. Gonnet and Benton Leong and Michael B. Monagan and Stephen M. Watt",
  title        = "{Maple} {V} Library Reference Manual",
  publisher    = "Spring{\-}er-Ver{\-}lag",
  nbpages      = "xxv + 698",
  year         = "1991",
  ISBN         = "0-387-97592-6, 3-540-97592-6",
  LCCN         = "QA155.7.E4 M353 1991",
  price        = "US\$39.00",
}

@Book{Cohen:1993:AlgTheory,
  author       = "Henri Cohen",
  title        = "A course in computational algebraic number theory",
  year         = "1993",
  ISBN         = "0-387-55640-0",
  publisher    = "Springer-Verlag New York, Inc.",
  address      = "New York, NY, USA",
}

@Book{gamma:95:design,
  title        = "Design Patterns: Elements of Reusable Object-Oriented Software",
  author       = "E. Gamma",
  isbn-13      = "9780201633610",
  LCCN         = "94034264",
  series       = "Addison-Wesley Professional Computing Series",
  year         = "1995",
  publisher    = "Addison-Wesley",
}

@Book{Golub:1996:MC,
  author       = "Gene H. Golub and Charles F. {Van Loan}",
  title        = "Matrix computations",
  publisher    = "The Johns Hopkins University Press",
  address      = "Baltimore, MD, USA",
  edition      = "third",
  year         = "1996",
  ISBN         = "0-8018-5413-X, 0-8018-5414-8",
  MRclass      = "65Fxx",
  MRnumber     = "1 417 720",
  series       = "Johns Hopkins Studies in the Mathematical Sciences",
}

@Book{Faddeeva:1959:CMLA,
  author       = "V. N. Faddeeva",
  title        = "Computational Methods of Linear Algebra",
  publisher    = "Dover",
  address      = "New York",
  year         = "1959",
}

@Book{faddeev:1949:sominsky,
  author       = "Faddeev D. and Sominskii I.",
  title        = "Collected Problems in Higher Algebra, Problem n°979",
  year         = "1949",
}

@Book{Gantmacher:1959:TM,
  author       = "Feliks Rudimovich Gantmacher",
  title        = "The Theory of Matrices",
  publisher    = "Chelsea",
  address      = "New York",
  year         = "1959",
}

@Book{Higham:1996:stab,
  author       = "Nicholas J. Higham",
  title        = "Accuracy and Stability of Numerical Algorithms",
  year         = "1996",
  publisher    = "Society for Industrial and Applied Mathematics",
  address      = "Philadelphia, PA, USA",
}

@Book{HouseHolder:1964:TOMINA,
  author       = "A. S. Householder",
  title        = "The Theory of Matrices in Numerical Analysis",
  publisher    = "Blaisdell, Waltham, Mass.",
  year         = "1964",
}

@Book{Kaltofen:2002:handbook,
  title        = "Computer Algebra Handbook",
  author       = "",
  editor       = "J. Grabmeier and E. Kaltofen and V. Weispfenning",
  publisher    = "Springer Verlag, Heidelberg, Germany",
  year         = "2002",
}

@Book{Knuth:1997:SA,
  author       = "Donald E. Knuth",
  title        = "Seminumerical Algorithms",
  volume       = "2",
  publisher    = "Ad{\-d}i{\-s}on-Wes{\-l}ey",
  address      = "Reading, MA, USA",
  edition      = "$2^{nd}$",
  year         = "1997",
  ISBN         = "0-201-89684-2",
  LCCN         = "QA76.6 .K64 1997",
  series       = "The Art of Computer Programming",
}

@Book{LomAbd:2004:Methodes,
  title        = "{M}éthodes matricielles - Introduction \`a la complexité algébrique",
  author       = "Henri Lombardi and Journa{\"i}di Abdeljaoued",
  year         = "2004",
  publisher    = "Berlin, Heidelberg, New-York: Springer",
  ISBN         = "3-540-20247-1",
}

@Book{meyer:07:conception,
  title        = "Conception et programmation orient{\'e}es objet",
  author       = "B. Meyer and P. Jouvelot",
  year         = "2007",
  isbn-13      = "978-2-212-12270-1",
  publisher    = "Eyrolles",
  language     = "french",
}

@Book{Monagan:1998:MVPG,
  author       = "Michael B. Monagan and Keith O. Geddes and K. M. Heal and George Labahn and S. M. Vorkoetter",
  title        = "{Maple V} Programming Guide",
  publisher    = "Spring{\-}er-Ver{\-}lag",
  address      = "Berlin, Germany~/ Heidelberg, Germany~/ London, UK~/ etc.",
  nbpages      = "xi + 379",
  year         = "1998",
  ISBN         = "0-387-98398-8 (softcover), 0-387-98400-3 (boxed)",
  LCCN         = "QA155.7.E4M363 1998",
  note         = "With the assistance of J. S. Devitt, M. L. Hansen, D. Redfern, and K. M. Rickard.",
  keywords     = "Maple (Computer file); Algebra -- Data processing",
}

@Book{Musser:1996:STL,
  author       = "David R. Musser and Atul Saini",
  title        = "{STL} Tutorial and Reference Guide: {C++} Programming with the {Standard Template Library}",
  publisher    = "Ad\-di\-son-\-Wes\-ley",
  year         = "1996",
  address      = "Reading (MA), USA",
}

@Book{Pan:1984:MMF,
  author       = "Victor Pan",
  title        = "How to multiply matrices faster",
  year         = "1984",
  isbn-13      = "3-387-13866-8",
  publisher    = "Springer-Verlag New York, Inc.",
  address      = "New York, NY, USA",
}

@Book{higham:2002:accuracy,
  title        = "Accuracy and Stability of Numerical Algorithms",
  author       = "N. J. Higham",
  isbn-13      = "9780898715217",
  LCCN         = "2002075848",
  year         = "2002",
  publisher    = "Society for Industrial and Applied Mathematics",
}


@Book{sutter:05:cpp,
  title        = "{C}++ Coding Standards: 101 Rules, Guidelines, And Best Practices",
  author       = "H. Sutter and A. Alexandrescu",
  isbn-13      = "9780321113580",
  LCCN         = "2004022605",
  series       = "The C++ In-Depth Series",
  year         = "2005",
  publisher    = "Addison-Wesley",
}

@Book{VonzurGathen:1999:MCA,
  author       = "Joachim {von zur} Gathen and J{\"u}rgen Gerhard",
  title        = "Modern Computer Algebra",
  publisher    = "Cambridge University Press",
  address      = "New York, NY, USA",
  year         = "1999",
  ISBN         = "0-521-64176-4",
}

@Book{Wolfram:1999:MB,
  author       = "Stephen Wolfram",
  title        = "The {Mathematica} book",
  publisher    = "Cambridge University Press and Wolfram Research, Inc.",
  address      = "New York, NY, USA and 100 Trade Center Drive, Champaign, IL 61820-7237, USA",
  edition      = "quatrième",
  nbpages      = "xxvi + 1470 + 20",
  year         = "1999",
  ISBN         = "0-521-64314-7 (Cambridge: hardbound), 1-57955-004-5 (Wolfram: hardbound)",
  LCCN         = "QA76.95 .W65 1999",
  acknowledgement = ack-nhfb,
  keywords     = "Mathematica (computer file); mathematics -- data processing",
}

@Book{Wilkinson:1965,
  author       = "J. H. Wilkinson",
  title        = "The Algebraic Eigenvalue Problem",
  year         = "1965",
  publisher    = "Oxford, Clarendon press",
}

%%%%%%%%%%%%%%%%%%%%%%%%%%%%%%%

@Conference{2006:RNC7,
  title        = "Seventh Conference on Real Numbers and Computers",
  author       = "Guillaume Hanrot and Paul Zimmermann",
  year         = "2006",
  address      = "LORIA, Nancy, France",
  month        = jul,
  day          = "10--12",
  note         = "\url{http://rnc7.loria.fr}",
}

%%%%%%%%%%%%%%%%%%%%%%%%%%%%%%%%

@InBook{Bierlaire:2006:OptimDiff,
  author       = "M. Bierlaire",
  publisher    = "Presses polytechniques et universitaires romandes",
  title        = "Introduction à l'optimisation différentiable.",
  year         = "2006",
  language     = "french",
}

@InBook{Garthen:2003:MCA,
  author       = "J. Von zur Garthen and J. Gerhard",
  publisher    = "Cambridge University Press",
  title        = "Modern Computer Algebra",
  address      = "New York, NY, USA",
  year         = "2003",
  edition      = "2",
}

@InBook{Press:2007:NumericalRecipes,
  author       = "W. H. Press and S. A. Teukolsky and W. T. Vetterling and B. P. Flannery",
  publisher    = "Cambridge University Press",
  title        = "Numerical Recipes",
  year         = "2007",
  edition      = "3",
}

@InBook{Stoer:2002:IntroNumAna,
  author       = "J. Stoer and R. Bulirsh",
  publisher    = "Springer",
  title        = "Introduction to numerical analysis",
  year         = "2002",
  edition      = "3",
}

%%%%%%%%%%%%%%%%%%%%%%%%%%%%%%%%

@InProceedings{Kreczmar:1976:Strassen,
  author       = "Antoni Kreczmar",
  title        = "On Memory Requirements of {Strassen}'s Algorithms",
  pages        = "404--407",
  ISBN         = "3-540-07854-1",
  editor       = "A. Mazurkiewicz",
  booktitle    = "Proceedings of the 5th Symposium on Mathematical Foundations of Computer Science",
  address      = "Gda{\'n}sk, Poland",
  month        = sep,
  year         = "1976",
  series       = "LNCS",
  volume       = "45",
  publisher    = "Springer",
}

@InProceedings{Storjohann:2005:poly,
  author       = "Arne Storjohann and Gilles Villard",
  title        = "Computing the rank and a small nullspace basis of a polynomial matrix",
  booktitle    = "{ISSAC} '05: Proceedings of the 2005 international symposium on Symbolic and algebraic computation",
  year         = "2005",
  ISBN         = "1-59593-095-7",
  pages        = "309--316",
  location     = "Beijing, China",
  doi          = "http://doi.acm.org/10.1145/1073884.1073927",
  publisher    = "ACM",
  address      = "New York, NY, USA",
}

@InProceedings{stathis03hism,
  author       = "Pyrrhos Stathis and Stamatis Vassiliadis and Sorin Cotofana",
  title        = "A Hierarchical Sparse Matrix Storage Format for Vector Processors",
  booktitle    = "in Proceedings of IPDPS 2003",
  year         = "2003",
  pages        = "61",
}

@InProceedings{Vassiliadis00bbcsbased,
  author       = "Stamatis Vassiliadis and Sorin Cotofana and Pyrrhos Stathis",
  title        = "{BBCS} Based Sparse Matrix-Vector Multiplication: Initial Evaluation",
  booktitle    = "16th IMACS World Congress on Scientific Computation, Applied Mathematics and Simulation",
  year         = "2000",
  pages        = "1--06",
}

@InProceedings{Vuduc:2005:oski,
  author       = "Richard Vuduc and James W Demmel and Katherine A Yelick",
  title        = "{OSKI}: {A} library of automatically tuned sparse matrix kernels",
  booktitle    = "Institute of Physics Publishing",
  year         = "2005",
}

@InProceedings{Moenck:1979:Approx,
  author       = "Robert T. Moenck and John H. Carter",
  title        = "Approximate algorithms to derive exact solutions to systems of linear equations",
  booktitle    = "Proceedings of the International Symposiumon on Symbolic and Algebraic Computation",
  year         = "1979",
  ISBN         = "3-540-09519-5",
  pages        = "65--73",
  numpages     = "9",
  URL          = "http://portal.acm.org/citation.cfm?id = 646670.698984",
  acmid        = "698984",
  publisher    = "Springer-Verlag",
  address      = "London, UK",
}

@InProceedings{Vuduc:2005:spmv,
  author       = "Richard W. Vuduc and Hyun-Jin Moon",
  title        = "Fast Sparse Matrix-Vector Multiplication by Exploiting Variable Block Structure",
  booktitle    = "HPCC",
  year         = "2005",
  pages        = "807--816",
  crossref     = "2005:Yang:HPC",
  bibsource    = "DBLP, http://dblp.uni-trier.de",
}

%ee           = "http://dx.doi.org/10.1007/11557654_91",

%A
%B
@InProceedings{buluc:2009:parspmv,
  author       = "Aydin Bulu\c{c} and Jeremy T. Fineman and Matteo Frigo and John R. Gilbert and Charles E. Leiserson",
  title        = "Parallel sparse matrix-vector and matrix-transpose-vector multiplication using compressed sparse blocks",
  booktitle    = "SPAA '09: Proceedings of the twenty-first annual symposium on Parallelism in algorithms and architectures",
  year         = "2009",
  isbn-13      = "9781-605-5860-6-9",
  pages        = "233--244",
  location     = "Calgary, AB, Canada",
  doi          = "http://doi.acm.org/10.1145/1583991.1584053",
  publisher    = "ACM",
  address      = "New York, NY, USA",
}

@InProceedings{Bell:2009:SpMV:SC,
  author       = "Nathan Bell and Michael Garland",
  title        = "Implementing sparse matrix-vector multiplication on throughput-oriented processors",
  booktitle    = "SC '09: Proceedings of the Conference on High Performance Computing Networking, Storage and Analysis",
  year         = "2009",
  isbn-13      = "9781-605-5874-4-8",
  pages        = "1--11",
  location     = "Portland, Oregon",
  doi          = "http://doi.acm.org/10.1145/1654059.1654078",
  publisher    = "ACM",
  address      = "New York, NY, USA",
}

%C

@InProceedings{Chen:2005:Blas,
  author       = "Zhuliang Chen and Arne Storjohann",
  title        = "A {BLAS} based {C} library for exact linear algebra on integer matrices",
  booktitle    = "{ISSAC} '05: Proceedings of the 2005 international symposium on Symbolic and algebraic computation",
  year         = "2005",
  ISBN         = "1-59593-095-7",
  pages        = "92--99",
  location     = "Beijing, China",
  doi          = "http://doi.acm.org/10.1145/1073884.1073899",
  publisher    = "ACM",
  address      = "New York, NY, USA",
}

@InProceedings{CohnUmans:2003:matmul,
  author       = "H. Cohn and C. Umans",
  title        = "A Group-theoretic Approach to Fast Matrix Multiplication",
  year         = "2003",
  month        = oct,
  booktitle    = "Proceedings of the 44th Annual Symposium on Fondations of Computer Science (FOCS)",
  pages        = "438--449",
}

@InProceedings{Coppersmith:1987:matmul,
  author       = "Don Coppersmith and Shmuel Winograd",
  title        = "Matrix multiplication via arithmetic progression",
  booktitle    = "Proceedings of the 19th ACM STOC",
  pages        = "1--6",
  year         = "1987",
}

@InProceedings{Cung:2006:TC,
  author       = "Van-Dat Cung and Vincent Danjean and Jean-Guillaume Dumas and Thierry Gautier and Guillaume Huard and Bruno Raffin and Christophe Rapine and Jean-Louis Roch and Denis Trystram",
  title        = "Adaptive and Hybrid Algorithms: classification and illustration on triangular system solving",
  crossref     = "2006:TC",
}

%D
@InProceedings{Dumas:2007:pasco,
  author       = "Jean-Guillaume Dumas and Pascal Giorgi and Philippe Elbaz-Vincent and Anna Urba\'nska",
  title        = "Parallel Computation of the Rank of Large Sparse Matrices from Algebraic {K}-theory",
  category     = "B",
  crossref     = "2007:PASCO:Watt",
  pages        = "43--52",
}

@InProceedings{Dumas:2008:issac,
  author       = "Jean-Guillaume Dumas",
  title        = "{Q}-adic Transform revisited",
  category     = "AB",
  crossref     = "2008:ISSAC:Jeffrey",
  pages        = "63--69",
}

@InProceedings{Dumas:2002:flas,
  author       = "Jean Guillaume Dumas and Thierry Gautier and Cl\'{e}ment Pernet",
  title        = "Finite field linear algebra subroutines",
  booktitle    = "{ISSAC} '02: Proceedings of the 2002 international symposium on Symbolic and algebraic computation",
  crossref     = "2002:ISSAC",
  year         = "2002",
  ISBN         = "1-58113-484-3",
  pages        = "63--74",
  location     = "Lille, France",
  doi          = "http://doi.acm.org/10.1145/780506.780515",
  publisher    = "ACM",
  address      = "New York, NY, USA",
}

@InProceedings{Dumas:2006:det,
  author       = "Jean-Guillaume Dumas and Anna Urbanska",
  title        = "An introspective algorithm for the determinant",
  pages        = "185--202",
  crossref     = "2006:TC",
}

@InProceedings{Dumas:2000:valence,
  author       = "Jean-Guillaume Dumas and B. David Saunders and Gilles Villard",
  title        = "Integer {Smith} form via the {Valence}: experience with large sparse matrices from {Homology}",
  crossref     = "2000:ISSAC",
  pages        = "95--105",
}

@InProceedings{Dumas:2004:casc,
  author       = "Jean-Guillaume Dumas",
  title        = "Efficient dot product over finite fields",
  pages        = "139--154",
  crossref     = "2004:CASC",
}

@InProceedings{Dumas:2004:FFPACK,
  author       = "Jean-Guillaume Dumas and Pascal Giorgi and Clément Pernet",
  title        = "{FFPACK}: Finite Field Linear Algebra Package",
  pages        = "119--126",
  crossref     = "2004:ISSAC",
}

@InProceedings{Dumas:2005:charpoly,
  author       = "Jean-Guillaume Dumas and Clément Pernet and Zhendong Wan",
  title        = "Efficient Computation of the Characteristic Polynomial",
  pages        = "140--147",
  crossref     = "2005:ISSAC",
}

@InProceedings{Dumas:2005:kalman,
  author       = "Jean-Guillaume Dumas and Aude Rondepierre",
  title        = "Algorithms for Symbolic/Numeric Control of Affine Dynamical System",
  pages        = "277--284",
  crossref     = "2005:ISSAC",
}

@InProceedings{Dumas:2002:villard,
  author       = "Jean-Guillaume Dumas and Gilles Villard",
  title        = "Computing the rank of sparse matrices over finite fields",
  pages        = "47--62",
  crossref     = "2002:CASC",
}

@InProceedings{Dumas:2002:icms,
  author       = "Jean-Guillaume Dumas and Thierry Gautier and Mark Giesbrecht and Pascal Giorgi and Bradford Hovinen and Erich Kaltofen and B. David Saunders and William J. Turner and Gilles Villard",
  title        = "\linbox: {A} Generic Library for Exact Linear Algebra",
  crossref     = "2002:ICMS",
}

@InProceedings{Dumas:2003:smith,
  author       = "Jean-Guillaume Dumas and Frank Heckenbach and B. David Saunders and Volkmar Welker",
  pages        = "177--206",
  title        = "Computing Simplicial Homology Based on Efficient Smith Normal Form Algorithms",
  booktitle    = "Algebra, Geometry and Software Systems",
  editor       = "Michael Joswig and editors Nobuki Takayama",
  publisher    = "Springer",
  year         = "2003",
  month        = mar,
}

@InProceedings{Dumas:2010:lbpar,
	author = {Dumas, Jean-Guillaume and Gautier, Thierry and Pernet, Cl{\'e}ment and Saunders, B. David},
	title = {\linbox founding scope allocation, parallel building blocks, and separate compilation},
	booktitle = {Proceedings of the Third International Congress Conference on Mathematical Software},
	series = {ICMS'10},
	month        = sep,
	year = {2010},
	isbn = {3-642-15581-2, 978-3-642-15581-9},
	location = {Kobe, Japan},
	volume       = "6327",
	pages = {77--83},
	numpages = {7},
	acmid = {1888411},
	publisher = {Springer-Verlag},
	address = {Berlin, Heidelberg},
	editor       = "Komei Fukuda and Joris {Van Der Hoeven} and Michael Joswig",
}

@InProceedings{Boyer:2012:spsh,
	author= "Brice Boyer and Matthew T. Comer and Erich L. Kaltofen",
	title= "Sparse polynomial interpolation by variable shift in the presence of noise and outliers in the evaluations",
	booktitle= "Proceedings of the Tenth Asian Symposium on Computer Mathematics",
	series= "ASCM'12",
       year="2012",
}
%E
@InProceedings{Eberly:2000:BBFDOSF,
  title        = "Black box frobenius decomposition over small fields",
  author       = "Wayne Eberly",
  crossref     = "2000:ISSAC",
}

@InProceedings{Eberly:2004:krylov,
  title        = "Reliable Krylov-based algorithms for matrix null space and rank",
  author       = "Wayne Eberly",
  crossref     = "2004:ISSAC",
}

@InProceedings{Eberly:2000:Smith,
  author       = "Wayne Eberly and Mark Giesbrecht and Gilles Villard",
  title        = "Computing the determinant and {Smith} form of an integer matrix",
  crossref     = "2000:FOCS",
}

@InProceedings{Eberly:2003:earlyterm,
  author       = "Wayne Eberly",
  title        = "Early termination over small fields",
  booktitle    = "{ISSAC} '03: Proceedings of the 2003 international symposium on Symbolic and algebraic computation",
  year         = "2003",
  ISBN         = "1-58113-641-2",
  pages        = "80--87",
  location     = "Philadelphia, PA, USA",
  doi          = "http://doi.acm.org/10.1145/860854.860882",
  publisher    = "ACM",
  address      = "New York, NY, USA",
}

@InProceedings{Eberly:1997:lanczos,
  author       = "Wayne Eberly and Erich Kaltofen",
  title        = "On randomized Lanczos algorithms",
  booktitle    = "{ISSAC} '97: Proceedings of the 1997 international symposium on Symbolic and algebraic computation",
  year         = "1997",
  ISBN         = "0-89791-875-4",
  pages        = "176--183",
  location     = "Kihei, Maui, Hawaii, United States",
  doi          = "http://doi.acm.org/10.1145/258726.258776",
  publisher    = "ACM",
  address      = "New York, NY, USA",
}

@InProceedings{Eberly:2006:sparserat,
  author       = "Wayne Eberly and Mark Giesbrecht and Pascal Giorgi and Arne Storjohann and Gilles Villard",
  title        = "Solving sparse rational linear systems",
  booktitle    = "{ISSAC} '06: Proceedings of the 2006 international symposium on Symbolic and algebraic computation",
  year         = "2006",
  ISBN         = "1-59593-276-3",
  pages        = "63--70",
  location     = "Genoa, Italy",
  doi          = "http://doi.acm.org/10.1145/1145768.1145785",
  publisher    = "ACM",
  address      = "New York, NY, USA",
  crossref     = "2006:ISSAC",
  abstract     = "We propose a new algorithm to find a rational solution to a sparse system of linear equations over the integers. This algorithm is based on a p-adic lifting technique combined with the use of block matrices with structured blocks. It achieves a sub-cubic complexity in terms of machine operations subject to a conjecture on the effectiveness of certain sparse projections. A LinBox-based implementation of this algorithm is demonstrated, and emphasizes the practical benefits of this new method over the previous state of the art.",
}

@InProceedings{Erlingsson:1996:GGO,
  author       = "\'{U}lfar Erlingsson and Erich Kaltofen and David Musser",
  title        = "Generic Gram-Schmidt orthogonalization by exact division",
  booktitle    = "Proceedings of the 1996 international symposium on Symbolic and algebraic computation",
  series       = "ISSAC '96",
  year         = "1996",
  ISBN         = "0-89791-796-0",
  location     = "Zurich, Switzerland",
  pages        = "275--282",
  numpages     = "8",
  doi          = "10.1145/236869.237085",
  acmid        = "237085",
  publisher    = "ACM",
  address      = "New York, NY, USA",
}


@InProceedings{FogelI:04:codeflexibility,
  author       = "Efi Fogel and Ron Wein and Dan Halperin",
  title        = "Code flexibility and program efficiency by genericity: Improving cgal’s arrangements",
  booktitle    = "In Proc. 12th Annu. Euro. Sympos. Alg",
  year         = "2004",
  pages        = "664--676",
  publisher    = "Springer-Verlag",
}

@Article{Bourdev:11:ERD,
  author       = "Lubomir Bourdev and Jaakko J{\"{a}}rvi",
  title        = "Efficient run-time dispatching in generic programming with minimal code bloat",
  journal      = "Sci. Comput. Program.",
  issue_date   = "April, 2011",
  volume       = "76",
  number       = "4",
  month        = apr,
  year         = "2011",
  ISSN         = "0167-6423",
  pages        = "243--257",
  numpages     = "15",
  doi          = "10.1016/j.scico.2008.06.003",
  acmid        = "1937558",
  publisher    = "Elsevier North-Holland, Inc.",
  address      = "Amsterdam, The Netherlands, The Netherlands",
  keywords     = "C++ templates, Generic programming, Template bloat, Template metaprogramming",
}


@InProceedings{Li:09:gpuGemm,
  author       = "Yinan Li and Jack Dongarra and Stanimire Tomov",
  title        = "A Note on Auto-tuning {GEMM} for {GPU}s",
  booktitle    = "Proceedings of the 9th International Conference on Computational Science: Part I",
  series       = "ICCS '09",
  year         = "2009",
  isbn-13      = "978-3-642-01969-2",
  location     = "Baton Rouge, LA",
  pages        = "884--892",
  numpages     = "9",
  doi          = "10.1007/978-3-642-01970-8_89",
  acmid        = "1560858",
  publisher    = "Springer-Verlag",
  address      = "Berlin, Heidelberg",
  keywords     = "Auto-tuning, GPUs, dense linear algebra, matrix multiply",
}


@InProceedings{Datta:08:stencilGPU,
  author       = "K. Datta and M. Murphy and V. Volkov and S. Williams and J. Carter and L. Oliker and D. Patterson and J. Shalf and K. Yelick",
  booktitle    = "High Performance Computing, Networking, Storage and Analysis, 2008. SC 2008. International Conference for",
  title        = "Stencil computation optimization and auto-tuning on state-of-the-art multicore architectures",
  year         = "2008",
  month        = nov,
  volume       = "",
  number       = "",
  pages        = "1--12",
  doi          = "10.1109/SC.2008.5222004",
  ISSN         = "",
}

@Article{Douglas:05:GPHP,
  author       = "Douglas Gregor and Jaakko Järvi and Mayuresh Kulkarni and Andrew Lumsdaine and David Musser and Sibylle Schupp",
  affiliation  = "Open Systems Laboratory Indiana University Bloomington IN USA",
  title        = "Generic Programming and High-Performance Libraries",
  journal      = "International Journal of Parallel Programming",
  publisher    = "Springer Netherlands",
  ISSN         = "0885-7458",
  keyword      = "Computer Science",
  pages        = "145--164",
  volume       = "33",
  issue        = "2",
  note         = "10.1007/s10766-005-3580-8",
  year         = "2005",
}


%F
@InProceedings{Faugere:1994:PGB,
  author       = "Jean-Charles Faug{è}re",
  title        = "Parallelization of {Gr{\"o}bner} Basis",
  editor       = "Hoon Hong",
  booktitle    = "First International Symposium on Parallel Symbolic Computation, {PASCO} '94, Hagenberg\slash Linz, Austria",
  volume       = "5",
  year         = "1994",
  month        = sep,
  day          = "26--28",
  ISBN         = "981-02-2040-5",
  series       = "Lecture notes series in computing",
  pages        = "124--132",
  acknowledgement = ack-nhfb,
}

%G

@InProceedings{GiesbrechtJS01:hermite,
  author       = "Mark Giesbrecht and Michael J. Jacobson Jr. and Arne Storjohann",
  title        = "Algorithms for Large Integer Matrix Problems",
  booktitle    = "AAECC",
  year         = "2001",
  pages        = "297--307",
  ee           = "http://dx.doi.org/10.1007/3-540-45624-4_31",
  crossref     = "DBLP:conf/aaecc/2001",
  bibsource    = "DBLP, http://dblp.uni-trier.de",
}

@Article{GKL03,
	title = "Algorithms for Computing Sparsest Shifts of Polynomials in
Power, {Chebychev}, and {Pochhammer} Bases",
  author =       "Mark Giesbrecht and Erich Kaltofen and {Wen-shin} Lee",
  year =         "2003",
  journal =      JSC,
  volume =       "36",
  number =       "3--4",
  pages =        "401--424",
}


@InProceedings{Giesbrecht:1994:ratform,
  author       = "Mark Giesbrecht",
  title        = "Fast algorithms for rational forms of integer matrices",
  year         = "1994",
  month        = jul,
  day          = "20--22",
  pages        = "305--311",
  booktitle    = "ISSAC'94 Oxford UK",
  publisher    = "ACM press, New York",
  editor       = "",
}

@InProceedings{Giorgi:2003:issac,
  author       = "Pascal Giorgi and Claude-Pierre Jeannerod and Gilles Villard",
  title        = "On the complexity of polynomial matrix computations",
  pages        = "135--142",
  crossref     = "2003:ISSAC:Sendra",
}

@InProceedings{Giorgi:2003:sigma,
  author       = "Pascal Giorgi and Claude-Pierre Jeannerod and Gilles Villard",
  title        = "On the complexity of polynomial matrix computations",
  booktitle    = "{ISSAC} '03: Proceedings of the 2003 international symposium on Symbolic and algebraic computation",
  year         = "2003",
  ISBN         = "1-58113-641-2",
  pages        = "135--142",
  location     = "Philadelphia, PA, USA",
  doi          = "http://doi.acm.org/10.1145/860854.860889",
  publisher    = "ACM",
  address      = "New York, NY, USA",
}

%H
@InProceedings{Huang:1997:FRM,
  author       = "Xiaohan Huang and Victor Y. Pan",
  title        = "Fast rectangular matrix multiplications and improving parallel matrix computations",
  editor       = "{ACM}",
  booktitle    = "{PASCO} '97. Proceedings of the second international symposium on parallel symbolic computation, July 20--22, 1997, Maui, {HI}",
  publisher    = "ACM Press",
  address      = "New York, NY 10036, USA",
  pages        = "11--23",
  year         = "1997",
  URL          = "www.acm.org:80/pubs/citations/proceedings/issac/266670/p11-huang/",
  acknowledgement = ack-nhfb,
  keywords     = "algorithms; performance; theory; verification",
  subject      = "{\bf G.1.3} Mathematics of Computing, NUMERICAL ANALYSIS, Numerical Linear Algebra, Linear systems (direct and iterative methods). {\bf F.2.1} Theory of Computation, ANALYSIS OF ALGORITHMS AND PROBLEM COMPLEXITY, Numerical Algorithms and Problems, Computations on matrices. {\bf G.1.0} Mathematics of Computing, NUMERICAL ANALYSIS, General, Parallel algorithms.",
}

@InProceedings{HongKung:RedBlue,
  author       = "Jia-Wei Hong and H. T. Kung",
  title        = "{I}/{O} Complexity: The Red-Blue Pebble Game",
  booktitle    = "{STOC}",
  year         = "1981",
  pages        = "326--333",
  ee           = "http://doi.acm.org/10.1145/800076.802486",
  crossref     = "DBLP:conf/stoc/STOC13",
  bibsource    = "DBLP, http://dblp.uni-trier.de",
}

@InProceedings{Huss-Lederman:1996:ISA,
  author       = "Steven Huss-Lederman and Elaine M. Jacobson and Jeremy R. Johnson and Anna Tsao and Thomas Turnbull",
  title        = "Implementation of {Strassen}'s Algorithm for Matrix Multiplication",
  editor       = "{ACM}",
  booktitle    = "Supercomputing '96 Conference Proceedings: November 17--22, Pittsburgh, {PA}",
  publisher    = "ACM Press and IEEE Computer Society Press",
  year         = "1996",
  ISBN         = "0-89791-854-1",
}


%I
%J
%K
@InProceedings{Kalman:1961,
  author       = "R. E. Kalman",
  title        = "Canonical Structure of Linear Dynamical Systems",
  booktitle    = "Proceedings of the National Academy of Sciences",
  year         = "1961",
  pages        = "596--600",
}

@InProceedings{Kaltofen:1994:FHP,
  author       = "Erich Kaltofen and Austin Lobo",
  title        = "Factoring high-degree polynomials by the black box {Berlekamp} algorithm",
  editor       = "{ACM}",
  booktitle    = "{ISSAC} '94: Proceedings of the 1994 International Symposium on Symbolic and Algebraic Computation: July 20--22, 1994, Oxford, England, United Kingdom",
  publisher    = "ACM Press",
  address      = "pub-ACM:adr",
  pages        = "90--98",
  year         = "1994",
}

@InProceedings{Kaltofen:1991:SSLS,
	author = {Kaltofen, Erich and Saunders, B. David},
	title = {On {Wiedemann's} Method of Solving Sparse Linear Systems},
	booktitle = {Proceedings of the 9th International Symposium, on Applied Algebra, Algebraic Algorithms and Error-Correcting Codes},
	series = {AAECC-9},
	month        = oct,
	year = {1991},
	isbn = {3-540-54522-0},
	pages = {29--38},
	numpages = {10},
	acmid = {676885},
	publisher = {Springer-Verlag},
	address = {London, UK, UK},
}

@InProceedings{Kaltofen:1992:det,
  title        = "On computing determinants of matrices without divisions",
  author       = "Erich Kaltofen",
  crossref     = "1992:ISSAC",
}

%L
%M
@InProceedings{Martone:10:RSB-3,
  title        = "On {BLAS} operations with recursively stored sparse matrices",
  author       = "Michele Martone and Salvatore Filippone and Marcin Paprzycki and Salvatore Tucci",
  booktitle    = "Proceedings of the International Symposium on Symbolic and Numeric Algorithms for Scientific Computing",
  address      = "Timisoara, Romania",
  year         = "2010",
  month        = sep,
  abstract     = "Recently, we have proposed a recursive partitioning based layout formulti-core computations on sparse matrices. Based on positive results of our initial experiments with matrix-vector multiplication, we discuss how this storage format can be utilized across a range of {BLAS}-style matrix operations.",
}


@InProceedings{MicciancioW:01:hermite,
  author       = "Daniele Micciancio and Bogdan Warinschi",
  title        = "A linear space algorithm for computing the {H}ermite normal form",
  booktitle    = "ISSAC",
  year         = "2001",
  pages        = "231--236",
  ee           = "http://doi.acm.org/10.1145/384101.384133",
  bibsource    = "DBLP, http://dblp.uni-trier.de",
}

%N
%O
%P
@InProceedings{Plagne:08:BLT,
  author       = "Laurent Plagne and Frank H{\"{u}}lsemann",
  title        = "{BTL}++: From Performance Assessment to Optimal Libraries",
  booktitle    = "Proceedings of the 8th international conference on Computational Science, Part III",
  series       = "ICCS '08",
  year         = "2008",
  isbn-13      = "978-3-540-69388-8",
  location     = "Krakow, Poland",
  pages        = "203--212",
  numpages     = "10",
  doi          = "10.1007/978-3-540-69389-5_24",
  acmid        = "1426921",
  publisher    = "Springer-Verlag",
  address      = "Berlin, Heidelberg",
}

%Q
%R
@InProceedings{RT92,
  author       = "Jean-Louis Roch and Denis Trystram",
  title        = "Parallel {W}inograd Multiplication",
  booktitle    = "EWPC'92, Parallel Computing: from theory to sound practice",
  address      = "Barcelona",
  year         = "1992",
  editor       = "W. Joosen and E. Milgrom",
  publisher    = "IOS Press",
  pages        = "578--581",
}

%S
@InProceedings{Saunders:2001:MP,
  author       = "B. D. Saunders",
  title        = "Black box methods for least squares problems",
  editor       = "Bernard Mourrain",
  booktitle    = "{ISSAC} 2001: July 22--25, 2001, University of Western Ontario, London, Ontario, Canada: proceedings of the 2001 International Symposium on Symbolic and Algebraic Computation",
  pages        = "297--302",
  year         = "2001",
}

@InProceedings{Saunders:11:numsym,
  author       = "B. David Saunders and David Harlan Wood and Bryan S. Youse",
  title        = "Numeric-symbolic exact rational linear system solver",
  booktitle    = "Proceedings of the 36th international symposium on Symbolic and algebraic computation",
  series       = "ISSAC '11",
  year         = "2011",
  isbn-13      = "978-1-4503-0675-1",
  location     = "San Jose, California, USA",
  pages        = "305--312",
  numpages     = "8",
  doi          = "10.1145/1993886.1993932",
  acmid        = "1993932",
  publisher    = "ACM",
  address      = "New York, NY, USA",
  keywords     = "iterative refinement, rational linear system, rational reconstruction",
}


@InProceedings{Storjohann:2002:highorder,
  title        = "High Order Lifting (Extended Abstract)",
  author       = "Arne Storjohann",
  crossref     = "2002:ISSAC",
  pages        = "246--254",
}

@InProceedings{Storjohann:1998:FROB,
  author       = "Arne Storjohann",
  title        = "An ${O}(n^3)$ Algorithm for {Frobenius} Normal Form",
  crossref     = "1998:ISSAC",
}

%T
@InProceedings{Turner:2006:BWR,
  author       = "William J. Turner",
  title        = "A block {Wiedemann} rank algorithm",
  pages        = "332--339",
  crossref     = "2006:ISSAC:Dumas",
}

@InProceedings{Tsafrir:2009:SCARY,
  author       = "Dan Tsafrir and Robert W. Wisniewski and David F. Bacon and Bjarne Stroustrup",
  title        = "Minimizing dependencies within generic classes for faster and smaller programs",
  booktitle    = "Proceedings of the 24th ACM SIGPLAN conference on Object oriented programming systems languages and applications",
  series       = "OOPSLA '09",
  year         = "2009",
  isbn-13      = "978-1-60558-766-0",
  location     = "Orlando, Florida, USA",
  pages        = "425--444",
  numpages     = "20",
  doi          = "10.1145/1640089.1640121",
  acmid        = "1640121",
  publisher    = "ACM",
  address      = "New York, NY, USA",
  keywords     = "generalized hoisting, generics, scary assignments and initializations, templates",
}


%U
%V
@InProceedings{Villard:2000:Frob,
  author       = "Gilles Villard",
  title        = "Computing the {Frobenius} normal form of a sparse matrix",
  crossref     = "2000:CASC",
}

@InProceedings{Villard:1997:further,
  author       = "Gilles Villard",
  title        = "Further analysis of {Coppersmith}'s block {Wiedemann} algorithm for the solution of sparse linear systems",
  crossref     = "1997:ISSAC",
  pages        = "32--39",
  URL          = "www.acm.org:80/pubs/citations/proceedings/issac/258726/p32-villard/",
}

%W
%X
%Y
%Z

%%%%%%%%%%%%%%%%%%%%%%%%%%%%%%%%

@MastersThesis{Pernet:2003:dea,
  author       = "Clément Pernet",
  title        = "Calcul du polyn\^ome caractéristique sur des corps finis",
  school       = "Université Joseph Fourrier",
  month        = jun,
  year         = "2003",
}


@MastersThesis{Storjohann:94:master,
  author       = "Arne Storjohann",
  title        = "Computation of Hermite and Smith normal forms of matrices",
  school       = "University of Water\-loo",
  year         = "1994",
}


%%%%%%%%%%%%%%%%%%%%%%%%%%%%%%%%

@Misc{Dumas:2005:Linbox,
  author       = "Jean-Guillaume Dumas and Wayne Eberly and Thierry Gautier and Mark Giesbrecht and Pascal Giorgi and Bradford Hovinen and Erich Kaltofen and Austin Lobo and Clément Pernet and B David Saunders and Will J. Turner and Gilles Villard and Zhendong Wan",
  title        = "{Lin{B}ox-1.0}: Exact computational linear algebra",
  month        = jul,
  year         = "2005",
}


@Misc{Granlund:2006:GMP,
  author       = "Torbj{\"o}rn Granlund",
  note         = "Version 4.2.1, \url{www.swox.com/gmp/manual}",
  title        = "The {GNU} multiple precision arithmetic library",
  year         = "2006",
}

@Misc{Shoup:2006:NTL,
  author       = "Victor Shoup",
  title        = "{NTL 5.4}: {A} Library for doing Number Theory",
  note         = "\url{www.shoup.net/ntl}",
  year         = "2006",
}

@Misc{Villard:2003:hdr,
  author       = "Gilles Villard",
  title        = "\textit{Algorithmique en algèbre linéaire exacte}",
  note         = "Mémoire d'habilitation \`a diriger des recherches, Université Claude Bernard, Lyon I, mars 2003",
}

%%%%%%%%%%%%%%%%%%%%%%%%%%%%%%%%

@PhdThesis{Dumas:2000:these,
  author       = "Jean-Guillaume Dumas",
  month        = dec,
  day          = "20",
  school       = "Institut National Polytechnique de Grenoble, France",
  title        = "Algorithmes parall{è}les efficaces pour le calcul formel~: alg{è}bre lin{é}aire creuse et extensions alg{é}briques",
  specialty    = "math{é}matiques appliqu{é}es",
  mark         = "1",
  year         = "2000",
}


@PhdThesis{Touati:2002:these,
  author       = "Sid-Ahmed-Ali TOUATI",
  month        = jun,
  day          = "25",
  school       = "Université de Versailles-Saint Quentin en Yvelines, Inria Rocquencourt",
  title        = "La consommation en registres en présence de parallélisme d'instructions",
  specialty    = "Informatique",
  year         = "2002",
}

@PhdThesis{Eberly:1985:these,
  author       = "Wayne Eberly",
  title        = "Very fast parallel matrix and polynomial arithmetic",
  year         = "1985",
  school       = "University of Toronto, Canada",
}

@PhdThesis{Giorgi:2004:these,
  author       = "Pascal Giorgi",
  title        = "Arithmétique et algorithmique en algèbre linéaire exacte pour la bibliothèque \linbox",
  school       = "\'Ecole normale supérieure de Lyon",
  year         = "2004",
  month        = dec,
}

@PhdThesis{Ozello:1987:these,
  author       = "Patrick Ozello",
  title        = "Calcul exact des formes de {Jordan} et de {Frobenius} d'une matrice",
  year         = "1987",
  school       = "Universit{é} scientifique technologique et m{é}dicale de {Grenoble}",
  month        = jan,
  specialty    = "Informatique et Math{é}matiques Appliqu{é}es",
}

@PhdThesis{Pernet:2006:these,
  author       = "Clément Pernet",
  month        = sep,
  day          = "27",
  school       = "Université Joseph Fourier, Grenoble, France",
  title        = "Algèbre linéaire exacte efficace : le calcul du polynôme caractéristique",
  specialty    = "math{é}matiques appliqu{é}es",
  mark         = "1",
  year         = "2006",
  note         = "\url{http://hal.archives-ouvertes.fr/tel-00111346/}",
}

@PhdThesis{Storjohann:2000:thesis,
  author       = "Arne Storjohann",
  title        = "Algorithms for Matrix Canonical Forms",
  school       = "Institut f{\"u}r Wissenschaftliches Rechnen, ETH-Zentrum, Z{\"u}rich, Switzerland",
  specialty    = "Computer Science",
  month        = nov,
  year         = "2000",
}

@PhdThesis{Turner:2002:these,
  author       = "William J. Turner",
  title        = "Blackbox linear algebra with the \linbox library",
  school       = "North Carolina State University",
  year         = "2002",
  month        = may,
}

@PhdThesis{Boyer:2012:these,
  author       = "Brice Boyer",
  title        = "Multiplication matricielle efficace et conception logicielle pour la bibliothèque de calcul exact \linbox",
  school       = "Université de Grenoble",
  year         = "2012",
  month        = jun,
  adviser = {Jean-Guillaume Dumas},
}

%%%%%%%%%%%%%%%%%%%%%%%%%%%%%%%%

@Proceedings{1992:ISSAC,
  title        = ProcISSAC92,
  booktitle    = LogoISSAC92,
  editor       = "Paul S. Wang",
  year         = "1992",
  month        = jul,
  day          = "27--29",
  publisher    = "ACM Press, New York",
}

@Proceedings{1997:ISSAC,
  title        = ProcISSAC97,
  booktitle    = LogoISSAC97,
  editor       = "Wolfgang W. K{\"u}chlin",
  year         = "1997",
  month        = jul,
  day          = "21--23",
  publisher    = "ACM Press, New York",
}

@Proceedings{1998:ISSAC,
  month        = jul,
  day          = "7--10",
  year         = "1998",
  title        = ProcISSAC1998,
  booktitle    = LogoISSAC1998,
  editor       = "Oliver Gloor",
  publisher    = "ACM Press, New York",
}

@Proceedings{2000:CASC,
  year         = "2000",
  month        = oct,
  day          = "5--9",
  booktitle    = LogoCASC00,
  editor       = "Victor G. Ganzha and Ernst W. Mayr and Evgenii V. Vorozhtsov",
}

@Proceedings{2000:FOCS,
  booktitle    = ShortFOCS2000,
  title        = ProcFOCS2000,
  logo         = LogoFOCS2000,
  month        = nov,
  year         = "2000",
  day          = "12--14",
}

@Proceedings{2000:ISSAC,
  month        = aug,
  day          = "6--9",
  year         = "2000",
  title        = ProcISSAC2000,
  booktitle    = LogoISSAC2000,
  editor       = "Carlo Traverso",
  publisher    = "ACM Press, New York",
}

@Proceedings{2002:ICMS,
  month        = aug,
  day          = "17--19",
  year         = "2002",
  title        = ProcICMS2002,
  booktitle    = ShortICMS2002,
  logo         = LogoICMS2002,
  publisher    = "World Scientific Pub",
}

@Proceedings{2002:ISSAC,
  month        = jul,
  day          = "7--10",
  year         = "2002",
  title        = ProcISSAC2002,
  booktitle    = LogoISSAC2002,
  editor       = "Teo Mora",
  publisher    = "ACM Press, New York",
}

@Proceedings{2002:CASC,
  title        = ProcCASC2002,
  booktitle    = ShortCASC2002,
  logo         = LogoCASC2002,
  editor       = "Victor G. Ganzha and Ernst W. Mayr and Evgenii V. Vorozhtsov",
  publisher    = "Technische {Universit\"at} {M\"unchen}, Germany",
  month        = sep,
  day          = "22--27",
  ISBN         = "3-9808546-0-4",
  year         = "2002",
}

@Proceedings{2003:ISSAC:Sendra,
  month        = aug,
  day          = "3--6",
  year         = "2003",
  title        = ProcISSAC2003,
  booktitle    = ShortISSAC2003,
  logo         = LogoISSAC2003,
  editor       = "Rafael Sendra",
  publisher    = "ACM Press, New York",
}

@Proceedings{2004:ISSAC,
  month        = jul,
  day          = "4--7",
  year         = "2004",
  title        = ProcISSAC2002,
  booktitle    = LogoISSAC2004,
  editor       = "James Gutierrez",
  publisher    = "ACM Press, New York",
}

@Proceedings{2004:CASC,
  title        = ProcCASC2004,
  booktitle    = ShortCASC2004,
  logo         = LogoCASC2004,
  editor       = "Victor G. Ganzha and Ernst W. Mayr and Evgenii V. Vorozhtsov",
  publisher    = "Technische {Universit\"at} {M\"unchen}, Germany",
  month        = jul,
  day          = "12--19",
  year         = "2004",
}

@Proceedings{2005:ISSAC,
  month        = jul,
  day          = "24--27",
  year         = "2005",
  title        = ProcISSAC2005,
  booktitle    = ShortISSAC2005,
  logo         = LogoISSAC2005,
  editor       = "Manuel Kauers",
  publisher    = "ACM Press, New York",
}

@Proceedings{2005:Yang:HPC,
  editor       = "Laurence Tianruo Yang and Omer F. Rana and Beniamino Di Martino and Jack Dongarra",
  booktitle    = "{High performance computing and communications: first international conference, HPCC 2005, Sorrento, Italy, September 21--23, 2005: proceedings}",
  title        = "High performance computing and communications: first international conference, {HPCC} 2005, Sorrento, Italy, September 21--23, 2005: proceedings",
  volume       = "3726",
  publisher    = "Springer-Verlag Inc.",
  pages        = "xxvi + 1116",
  year         = "2005",
  CODEN        = "LNCSD9",
  doi          = "http://dx.doi.org/10.1007/11557654",
  ISBN         = "3-540-29031-1 (softcover)",
  isbn-13      = "978-3-540-29031-5 (softcover)",
  ISSN         = "0302-9743",
  LCCN         = "QA76.88 .H655 2005",
  bibsource    = "z3950.loc.gov:7090/Voyager",
  series       = "Lecture Notes in Computer Science",
  acknowledgement = "Nelson H. F. Beebe, University of Utah, Department of Mathematics, 110 LCB, 155 S 1400 E RM 233, Salt Lake City, UT 84112-0090, USA, Tel: +1 801 581 5254, FAX: +1 801 581 4148, e-mail: \path|beebe@math.utah.edu|, \path|beebe@acm.org|, \path|beebe@computer.org| (Internet), URL: \path|http://www.math.utah.edu/~beebe/|",
  meetingname  = "HPCC 2005 (2005 : Sorrento, Italy)",
  subject      = "High performance computing; Congresses; Telecommunication",
}

%address      = "pub-SV:adr",

@Proceedings{2006:ISSAC:Dumas,
  month        = jul,
  day          = "9--12",
  year         = "2006",
  title        = ProcISSAC2006,
  booktitle    = ShortISSAC2006,
  logo         = LogoISSAC2006,
  editor       = "Jean-Guillaume Dumas",
  publisher    = "ACM Press, New York",
}

@Proceedings{2006:TC,
  month        = apr,
  day          = "24--26",
  year         = "2006",
  title        = ProcTC2006,
  booktitle    = ShortTC2006,
  logo         = LogoTC2006,
  editor       = "Jean-Guillaume Dumas",
}

@Proceedings{2006:ISSAC,
  month        = jul,
  day          = "9--12",
  year         = "2006",
  title        = ProcISSAC2006,
  booktitle    = ShortISSAC2006,
  logo         = LogoISSAC2006,
  editor       = "J-G. Dumas",
  publisher    = "ACM Press, New York",
}

@Proceedings{2007:PASCO:Watt,
  month        = jul,
  day          = "26--27",
  year         = "2007",
  title        = "Parallel Symbolic Computation'07",
  booktitle    = "PASCO 2007",
  editor       = "Stephen Watt",
  publisher    = "Waterloo University, Ontario, Canada",
}

@Proceedings{2008:ISSAC:Jeffrey,
  title        = ProcISSAC2008,
  booktitle    = ShortISSAC2008,
  logo         = LogoISSAC2008,
  year         = "2008",
  month        = jul,
  day          = "20--23",
  editor       = "David Jeffrey",
  publisher    = "ACM Press, New York",
}

@Proceedings{2010:ISSAC,
  month        = jul,
  day          = "25--28",
  year         = "2010",
  title        = ProcISSAC2010,
  booktitle    = LogoISSAC2010,
  publisher    = "ACM Press, New York",
}

@Proceedings{DBLP:conf/stoc/STOC13,
  title        = "Proceedings of the 13th Annual {ACM} Symposium on Theory of Computing, May 11-13, 1981, Milwaukee, Wisconsin, {USA}",
  booktitle    = "STOC",
  publisher    = "ACM",
  year         = "1981",
  bibsource    = "DBLP, http://dblp.uni-trier.de",
}

@Proceedings{DBLP:conf/aaecc/2001,
  editor       = "Serdar Boztas and Igor Shparlinski",
  title        = "Applied Algebra, Algebraic Algorithms and Error-Correcting Codes, 14th International Symposium, {AAECC}-14, Melbourne, Australia November 26-30, 2001, Proceedings",
  booktitle    = "AAECC",
  publisher    = "Springer",
  series       = "Lecture Notes in Computer Science",
  volume       = "2227",
  year         = "2001",
  ISBN         = "3-540-42911-5",
  bibsource    = "DBLP, http://dblp.uni-trier.de",
}

%%%%%%%%%%%%%%%%%%%%%%%%%%%%%%%%

@TechReport{Eberly:2000:Asympt,
  author       = "Wayne Eberly",
  title        = "Asymptotically Efficient Algorithms for the {Frobenius} Form",
  year         = "2000",
  month        = may,
  institution  = "Dpt. of Computer Science, U. of Calgary Canada",
  note         = "Extended abstract in~\cite{Eberly:2000:BBFDOSF}.",
}

@TechReport{Gautier:2005:givaro,
  author       = "Thierry Gautier and Gilles Villard and Jean-Louis Roch and Jean-Guillaume Dumas and Pascal Giorgi",
  title        = "Givaro, a {C++} library for computer algebra: exact arithmetic and data structures",
  year         = "2005",
  month        = oct,
  type         = "Software",
  institution  = "ciel-00000022",
  note         = "\url{www-lmc.imag.fr/Logiciels/givaro}",
}

@TechReport{Goto:2002:gotoblas,
  author       = "Kazushige Goto and Robert van de Geijn",
  title        = "On reducing {TLB} misses in matrix multiplication",
  institution  = "University of Texas",
  year         = "2002",
  note         = "FLAME working note \#9",
}

@TechReport{Huss-Lederman:1996:Strassen,
  author       = "Steven Huss-Lederman and Elaine M. Jacobson and Jeremy R. Johnson and Anna Tsao and Thomas Turnbull",
  title        = "{Strassen}'s Algorithm for Matrix Multiplication~: Modeling Analysis, and Implementation",
  year         = "1996",
  month        = nov,
  institution  = "Center for Computing Sciences",
  note         = "CCS-TR-96-17",
}

@TechReport{Jeannerod:2007:LQUP,
  author       = "Claude-Pierre Jeannerod and Clément Pernet and Arne Storjohann",
  title        = "Fast {Gaussian} elimination and the {PLUQ} decomposition",
  year         = "2007",
  institution  = "",
}

@inproceedings{Pernet:2007:FAC,
	author = {Pernet, Cl{\'e}ment and Storjohann, Arne},
	title = {Faster algorithms for the characteristic polynomial},
	booktitle = {Proceedings of the 2007 international symposium on Symbolic and algebraic computation},
	series = {ISSAC '07},
	year = {2007},
	isbn = {978-1-59593-743-8},
	location = {Waterloo, Ontario, Canada},
	pages = {307--314},
	numpages = {8},
	doi = {10.1145/1277548.1277590},
	acmid = {1277590},
	publisher = {ACM},
	address = {New York, NY, USA},
	keywords = {characteristic polynomial, complexity, frobenius normal form},
}


@TechReport{Pernet:2001:Winograd,
  author       = "Cl{é}ment Pernet",
  title        = "Implementation of {Winograd}'s fast matrix multiplication over finite fields using {ATLAS} level 3 {BLAS}",
  institution  = "Laboratoire Informatique et Distribution",
  year         = "2001",
  month        = jul,
  note         = "\url{www-id.imag.fr/Apache/RR/RR011122FFLAS.ps.gz}",
}

@TechReport{Royle:2005:symm,
  author       = "Koenraad Audenart and Chris Godsil and Gordon Royle and Terry Rudolph",
  title        = "Symmetric Squares of Graphs",
  month        = jul,
  year         = "2005",
  institution  = "arXiv",
  number       = "math.CO/0507251",
  URL          = "http://arxiv.org/pdf/math.CO/0507251.pdf",
}

@TechReport{Smith:2002:matmul,
  author       = "W. D. Smith",
  title        = "Fast matrix algorithms and multiplication formulae.",
  year         = "2002",
  institution  = "Temple University",
}

@TechReport{Villard:1997:study,
  author       = "Gilles Villard",
  year         = "1997",
  title        = "A study of {Coppersmith}'s block {Wiedemann} algorithm using matrix polynomials",
  institution  = "LMC/IMAG",
  number       = "975--IM",
  note         = "",
  month        = apr,
}

@TechReport{Desprez:02:mixedpar,
  hal_id       = "inria-00072106",
  URL          = "http://hal.inria.fr/inria-00072106",
  title        = "{Impact of Mixed--Parallelism on Parallel Implementations of {S}trassen and Winograd Matrix Multiplication Algorithms}",
  author       = "Fr{é}d{é}ric Desprez and Fr{é}d{é}ric Suter",
  keywords     = "MIXED-PARALLELISM / MATRIX PRODUCT / STRASSEN / WINOGRAD",
  affiliation  = "REMAP - INRIA Rh{\^o}ne-Alpes / LIP Laboratoire de l'Informatique du Parall{é}lisme",
  type         = "Research Report",
  institution  = "INRIA",
  number       = "RR-4482",
  year         = "2002",
  pdf          = "http://hal.inria.fr/inria-00072106/PDF/RR-4482.pdf",
}

%%%%%%%%%%%%%%%%%%%%%%%%%%%%%%%%

@Unpublished{Storjohann:2000:Frob,
  title        = "Computing the {Frobenius} Form of a sparse integer matrix",
  author       = "Arne Storjohann",
  year         = "2000",
  month        = apr,
  note         = "Manuscrit non publié",
}

%%%%%%%%%%%%%%%%%%%%%%%%%%%%%%%%

@Misc{Moreno:2009:personalcommunication,
  author       = "Marc Moreno-Mazza",
  howpublished = "communications personelles",
  year         = "2009",
}

@inproceedings{Barb:12:fofbm,
	author={Barbulescu, Razvan and
		Detrey, Jérémie and
			Estibals, Nicolas and
			Zimmermann, Paul},
	title={{F}inding optimal formulae for bilinear map},
	booktitle={International Workshop on the Arithmetic of Finite Fields -- WAIFI 2012},
	year={2012},
	month={07},
	series={Lecture Notes in Computer Science},
	publisher= {Springer},
	editor={Ozbudak, F. and
		Rodríguez-Henríquez, F.},
	volume={7369},
	pages={168--186},
	abstract={We describe a unified framework to search for
		formulae evaluating bilinear or quadratic maps.
			This framework applies to polynomial multiplication and squaring, finite field
			arithmetic, matrix multiplication, etc.
			We then propose a new algorithm to solve problems in this unified framework.
			With an implementation of this algorithm, we prove the optimality
			of various published upper bounds, and find improved upper bounds.},
	keywords={optimal algorithms,
		polynomial multiplication and squaring,
		finite field arithmetic,
		tensor rank,
		bilinear map,
		bilinear rank},
	pubstate=inpress
}

@string{Lakshman = "{Lakshman Y. N.}"}
@string{AAECC = "Applic. Algebra Engin. Commun. Comput."}
@string{SIMax = "{SIAM} J. Matrix Anal. Applic."}
@string{JSC = "J. Symbolic Comput."}
@string{ISSAC = "Internat. Symp. Symbolic Algebraic Comput."}
@string{ProcISSAC06 = "{ISSAC} MMVI Proc. 2006 " # ISSAC}

@Article{LaSa96,
  author =       Lakshman # " and Saunders, B. D.",
  title =        "Sparse shifts for univariate polynomials",
  journal =      AAECC,
  year =         "1996",
  volume =       "7",
  number =       "5",
  pages =        "351--364",
}

@article{Stet99,
   author =	  "Stetter, Hans J.",
   title =	  "The nearest polynomial with a given zero, and similar
		  problems",
   journal =	  "SIGSAM Bull.",
   issue_date =	  "12/01/1999",
   volume =	  "33",
   number =	  "4",
   month =	  dec,
   year =	  "1999",
   issn =	  "0163-5824",
   pages =	  "2--4",
   numpages =	  "3",
   doi =	  "10.1145/500457.500458",
   acmid =	  "500458",
   publisher =	  "ACM",
   address =	  "New York, NY, USA",
}

@Article{Rump03,
  author =       "Siegfried M. Rump",
  title =        "Structured Perturbations Part {I}: Normwise Distances",
  journal =      SIMax,
  year =         "2003",
  volume =       "25",
  number =       "1",
  pages =        "1--30",
}

@Article{deProny1795,
   author =    "{Gaspard Riche} de Prony",
   title =     "{Essai exp\'erimental et analytique sur les lois de la
	       Dilatabilit\'e des fluides \'elastiques et sur celles de la
	       Force expansive de la vapeur de l'eau et de la vapeur de
	       l'alcool, \`a diff\'erentes temp\'eratures}",
   journal =   "J. de l'\'Ecole Polytechnique",
   year =      "1795",
   volume =    "1",
   month =     "Flor\'eal et Prairial {(an III)}",
   pages =     "24--76",
}

@Article{GLL09,
  author =       "Mark Giesbrecht and George Labahn and {Wen-shin} Lee",
  title =        "Symbolic-numeric sparse interpolation of multivariate
                 polynomials",
  journal =      JSC,
  volume =       "44",
  year =         "2009",
  pages =        "943--959",
}

@InProceedings{KYZ06, title =

"Approximate greatest common divisors of several polynomials
 with linearly constrained coefficients and singular polynomials",

  author =       "Erich Kaltofen and Zhengfeng Yang and Lihong Zhi",
  year =         "2006",
  booktitle =    ProcISSAC06,
  crossref =     "ISSAC06",
  pages =        "169--176",
}

@Proceedings{ISSAC06,
  title =        ProcISSAC06,
  editor =       "Jean-Guillaume Dumas",
  publisher =    "ACM Press",
  year =         "2006",
  address =      "New York, N. Y.",
  isbn =         "1-59593-276-3",
}

%%% NEW %%%

@incollection{BMS09,
	year="2009",
	isbn="978-3-540-93805-7",
	booktitle="Gröbner Bases, Coding, and Cryptography",
	editor="Sala, Massimiliano and Sakata, Shojiro and Mora, Teo and Traverso, Carlo and Perret, Ludovic",
	title="The {BMS} Algorithm",
	publisher="Springer Berlin Heidelberg",
	author="Sakata, Shojiro",
	pages="143-163",
	language="English"
}

@ARTICLE{Mansour95,
	author = "Yishay Mansour",
	title = "Randomized Interpolation and Approximation of Sparse Polynomials",
	journal = "SIAM Journal on Computing",
	year = "1995",
	volume = "24",
	pages = "357--368"
}

@book{Burgisser:1997:algebraic,
	title="Algebraic Complexity Theory",
	author="Peter B{\"u}rgisser and  Michael Clausen, M. and  Mohammad A. Shokrollahi",
	isbn="9783540605829",
	lccn="lc96029754",
	series="A series of comprehensive studies in mathematics",
	year="1997",
	publisher="Springer"
}

@ARTICLE{Bailey:88:ehs,
	author = "David H. Bailey",
	title = "Extra-High Speed Matrix Multiplication on the Cray-2",
	journal = "SIAM J. Sci. Stat. Comput",
	year = "1988",
	volume = "9",
	pages = "603--607"
}

@misc{BDGPS14,
	author = "Brice Boyer and Jean-Guillaume Dumas and Pascal Giorgi and Clément Pernet and B. David Saunders",
	title = "Elements of Design for Containers and Solutions in the \linbox Library",
	howpublished = "Submitted abstract",
	year =         "2014",
	language = "english",
}



%% hal-00987812, version 1
%% http://hal.archives-ouvertes.fr/hal-00987812
@unpublished{BD:2014:Bini,
	hal_id = {hal-00987812},
	url = {http://hal.archives-ouvertes.fr/hal-00987812},
	title = {{Matrix multiplication over word-size prime fields using Bini's approximate formula}},
	author = {Boyer, Brice and Dumas, Jean-Guillaume},
	abstract = {{Bini's approximate formula (or border rank) for matrix multiplication achieves a better complexity than Strassen's matrix multiplication formula. In this paper, we show a novel way to use the approximate formula in the special case where the ring is Z/pZ. Besides, we show an implementation {\`a} la FFLAS-FFPACK, where p is a word-size prime number, that improves on state-of-the-art Z/pZ matrix multiplication implementations.}},
	keywords = {exact linear algebra; matrix multiplication; efficient implementation; Strassen-Winograd's algorithm; Bini's approximate bilinear algorithm; symbolic-numeric computing; memory placement and scheduling;},
	language = {Anglais},
	affiliation = {Department of mathematics [North Carolina] , Laboratoire Jean Kuntzmann - LJK},
	year = {2014},
	month = May,
	pdf = {http://hal.archives-ouvertes.fr/hal-00987812/PDF/14\_bini\_matmul\_free.pdf},
	note="Submitted. \url{http://hal.archives-ouvertes.fr/hal-00987812}",
}


@article{Harvey:2014,
 author = {Harvey, David},
 title = {Faster Arithmetic for Number-theoretic Transforms},
 journal = {Journal of Symbolic Compututations.},
 volume = 60,
 month = jan,
 year = 2014,
 pages = {113--119},
 doi = {10.1016/j.jsc.2013.09.002},
 acmid = 2562751,
}

@InProceedings{GioLeb14,
 author = {P. Giorgi and R. Lebreton},
 title = {Online Order Basis and its impact on Block {W}iedemann Algorithm},
 booktitle = {Proceedings of the 2014 international symposium on symbolic and algebraic computation},
 series = {ISSAC '14},
 year = 2014,
 publisher = {ACM},
 note = {(to appear)}}

 @InProceedings{WST12,
	 author = {Wezowicz, Matthew and Saunder, B. David and Taufer, Michela},
	 title = {Dealing with performance/portability and performance/accuracy
		 trade-offs in heterogeneous computing systems: a case study
			 with matrix multiplication modulo primes},
	 booktitle = {Proc. SPIE},
	 volume = {8403},
	 pages = {08--08-10},
	 number = {},
	 abstract = {We present the study of two important trade-offs in
		 heterogeneous systems (i.e., between performance versus
				 portability and between performance and
				 accuracy) for a relevant linear algebra
			 problem, matrix multiplication modulo primes. Integer
			 matrix linear algebra methods rely heavily on matrix
			 multiplication modulo primes. Double precision is
			 necessary for exact representation of sufficiently
			 many primes. We examine the performance losses due to
			 the use of OpenCL versus CUDA and the use of double
			 versus single precision. Our results indicate that
			 performance losses from the former are minimal with
			 the benefit of cross-platform portability and from the
			 latter are acceptable when double precision is
			 required.},
	 year = {2012},
	 doi = {10.1117/12.919323},
	 URL = { http://dx.doi.org/10.1117/12.919323},
	 eprint = {}
 }

@inproceedings{DGPZ14,
author = "Jean-Guillaume Dumas and Thierry Gautier and Cl\'ement
                  Pernet and Ziad Sultan",
title = "Parallel computation of echelon forms",
booktitle = "{Euro-Par 2014}, Proceedings of the 20th international conference on parallel processing, Porto, Portugal",
url = "http://hal.archives-ouvertes.fr/hal-00947013",
month = aug,
day = "25--29",
year = 2014,
}
