% HTML header <HTML><BASE HREF="http://www.math.ncsu.edu/~kaltofen/bibliography/"><BODY BGCOLOR="#FFFFFF"><pre>
% BASE=http://www.math.ncsu.edu/~kaltofen/bibliography/
% FILE: index.html alias kaltofen.bib
%
% Work authored, co-authored, or edited by <a href="..">Erich Kaltofen</a>
% Scroll down for papers accessible via an html browser and click on url field
% You can also use this file as a BibTeX database.
%
% Related files: <a href="kaltofen.html">online listing</a>
%                <a href="kaltofen.ps.gz">gzipped postscript listing</a>
%                (both listings include pointers to major research results)
%
% COPYRIGHT NOTICE: The items linked in the url fields
%                   are copyrighted by the publishers or
%                   by E. Kaltofen.
%
% Date: August 8, 1998

% For BibTeX you must insert a file with string definitions here
% <a href="strings.bib">strings.bib</a>

%%%%%%%%%%%%
%%%      %%%
%%% 1999 %%%
%%%      %%%
%%%%%%%%%%%%
@InProceedings{HKL99,title =
 
"Efficient Algorithms for Computing the Nearest Polynomial
 With A Real Root and Related Problems",
 
  author =       "Hitz, M. A. and Kaltofen, E. and " # Lakshman,
  booktitle =    ProcISSAC99,
  crossref =     "ISSAC99",
  url =          {<a href = "99/HKL99.ps.gz">BASE/99/HKL99.ps.gz</a>},
  talk =         {<a href="lectures/lectures.html#imagethz">BASE/
                  lectures/lecture.html#imagethz</a>}
}

@InProceedings{BCK99,title =
 
"Symbolic Computation in {Java}: an Appraisement",
 
  author =       "Bernardin, L. and Char, B. and Kaltofen, E.",
  booktitle =    ProcISSAC99,
  crossref =     "ISSAC99",
  url =          {<a href = "99/BCK99.ps.gz">BASE/99/BCK99.ps.gz</a>},
}

@InProceedings{KaMo99,title =
 
"On the Genericity of the Modular Polynomial {GCD} Algorithm",
 
  author =       "Kaltofen, E. and Monagan, M.",
  booktitle =    ProcISSAC99,
  crossref =     "ISSAC99",
  url =          {<a href = "99/KaMo99.ps.gz">BASE/99/KaMo99.ps.gz</a>},
}

@Article{KaLo99,title =

"Distributed matrix-free solution of large sparse linear systems over
finite fields",

  author =       "E. Kaltofen and A. Lobo",
  journal =      "Algorithmica",
  year =         "1999",
  pages =        "331--348",
  month =        "July--Aug.",
  volume =       "24",
  number =       "3--4",
  note =         "Special Issue on ``Coarse Grained Parallel Algorithms''",
  url =          {<a href = "99/KaLo99.ps.gz">BASE/98/KaLo99.ps.gz</a>},
}

@InCollection{DEKP99,title =

"Algebraic Algorithms",

  author =       Diaz # " and I. Emiris and E. Kaltofen and V. Pan",
  booktitle =    "Algorithms \& Theory of Computation Handbook",
  publisher =    "CRC Press",
  year =         "1999",
  editor =       "M. J. Atallah",
  address =      "Boca Raton, Florida",
  pages	=        "16.1--16.27",
  url =          {<a href = "99/DEKP99.ps.gz">BASE/99/DEKP99.ps.gz</a>},
  isbn =         "0-8493-2649-4",
  callnr =       "QA76.9.A43A43",
}

@Book{GKW2K,title=

"Handbook of Computer Algebra",

  editor =       "Grabmeier, J. and Kaltofen, E. and Weispfenning, V.",
  publisher =    SpringerVerl,
  address =      Springeraddr,
  year =         "under completion",
  url =          {<a href = "http://www.springer.de/math/prep/compalg.html">Springer
                 announcement</a>},
}

%%%%%%%%%%%%
%%%      %%%
%%% 1998 %%%
%%%      %%%
%%%%%%%%%%%%
@TechReport{Ka98,title =
 
"Challenges of Symbolic Computation My Favorite Open Problems",
 
  author =       "E. Kaltofen",
  institution =  NCSU,
  address =      "Dept. Math.",
  year =         "1998",
  month =        aug,
  type =         "Manuscript submitted for publication",
  url =          {<a href = "98/Ka98.ps.gz">BASE/98/Ka98.ps.gz</a>},
  note =         "With an additional open problem by
                 R. M. Corless and D. J. Jeffrey",
  talk =         {<a href="lectures/lectures.html#eccadannapolis">BASE/
                  lectures/lecture.html#eccadannapolis</a>}
}

@InProceedings{HiKa98,title =
 
"Efficient Algorithms for Computing the Nearest Polynomial
with Constrained Roots",
 
  author =       "M. A. Hitz and E. Kaltofen",
  booktitle =    ProcISSAC98,
  crossref =     "ISSAC98",
  year =         1998,
  pages =        "236--243",
  url =          {<a href = "98/HiKa98.ps.gz">BASE/98/HiKa98.ps.gz</a>},
  talk =         {<a href = "98/issac2.ps.gz">BASE/98/issac2.ps.gz</a>,
                  <a href = "http://courses.ncsu.edu/MA305/audio/issac2.ra">realaudio</a> (2.3M)},
}

@InProceedings{DiKa98,title =

FoxBox # " a System for Manipulating Symbolic Objects in Black Box
Representation",

  author =       Diaz # " and E. Kaltofen",
  booktitle =    ProcISSAC98,
  crossref =     "ISSAC98",
  year =         1998,
  pages =        "30--37",
  url =          {<a href = "98/DiKa98.ps.gz">BASE/98/DiKa98.ps.gz</a>},
  talk =         {<a href = "98/issac1.ps.gz">BASE/98/issac1.ps.gz</a>},
}

@Article{KaSh98,title =

"Subquadratic-time factoring of polynomials over finite fields",

  author =       "E. Kaltofen and V. Shoup",
  journal =      MathComp,
  month =        jul,
  year =         1998,
  volume =       "67",
  number =       "223",
  pages =        "1179--1197",
  url =          {<a href = "98/KaSh98.ps.gz">BASE/98/KaSh98.ps.gz</a>},
}

%%%%%%%%%%%%
%%%      %%%
%%% 1997 %%%
%%%      %%%
%%%%%%%%%%%%
@TechReport{HiKa97:kharit,title =

"The {Kharitonov} theorem and its applications in symbolic mathematical
computation",

  author =       "M. A. Hitz and E. Kaltofen",
  institution =  NCSU,
  address =      "Dept. Math.",
  year =         "1997",
  month =        may,
  type =         "Manuscript submitted for publication",
  url =          {<a href = "97/HiKa97:kharit.ps.gz">BASE/97/HiKa97:kharit.ps.gz</a>},
}

@InCollection{DKP97,title =

"Algebraic Algorithms",

  author =       Diaz # " and E. Kaltofen and V. Pan",
  booktitle =    "The Computer Science and Engineering Handbook",
  publisher =    "CRC Press",
  year =         "1997",
  editor =       "A. B. Tucker",
  pages =        "226--248",
  address =      "Boca Raton, Florida",
  chapter =      "10",
  note =         "Expanded version in \cite{DEKP99}",
  url =          {<a href = "97/DKP97.ps.gz">BASE/97/DKP97.ps.gz</a>},
}

@InProceedings{EbKa97,title =

"On Randomized {Lanczos} Algorithms",

  author =       "W. Eberly and E. Kaltofen",
  booktitle =    ProcISSAC97,
  crossref =     "ISSAC97",
  pages =        "176--183",
  url =          {<a href = "97/EbKa97.ps.gz">BASE/97/EbKa97.ps.gz</a>},
}

@InProceedings{KaSh97,title =

"Fast polynomial factorization over high algebraic extensions of
finite fields",

  author =       "E. Kaltofen and V. Shoup",
  booktitle =    ProcISSAC97,
  crossref =     "ISSAC97",
  pages =        "184--188",
  url =          {<a href = "97/KaSh97.ps.gz">BASE/97/KaSh97.ps.gz</a>},
  talk =         {<a href = "97/issac97a.ps.gz">BASE/97/issac97a.ps.gz</a>,
                  <a href = "97/issac97b.ps.gz">BASE/97/issac97b.ps.gz</a>},
}

@Article{Ka97:jsc,title =

"Teaching Computational Abstract Algebra",

  author =       "E. Kaltofen",
  journal =      JSC,
  volume =       "23",
  number =       "5-6",
  pages =        "503--515",
  year =         "1997",
  note =         "Special issue on education, L. Lambe, editor.",
  url =          {<a href = "97/Ka97:jsc.ps.gz">BASE/97/Ka97:jsc.ps.gz</a>},
}

@Proceedings{HiKa97:pasco,title =

"Proc. Second " # PASCO # " '97",

  editor =       "M. Hitz and E. Kaltofen",
  publisher =    "ACM Press",
  address =      "New York, N. Y.",
  year =         "1997",
}

%%%%%%%%%%%%
%%%      %%%
%%% 1996 %%%
%%%      %%%
%%%%%%%%%%%%
@InProceedings{Ka96:stratagem,title =

"Blocked iterative sparse linear system solvers for finite fields",

  author =       "E. Kaltofen",
  booktitle =    "Proceedings Symp. Parallel Comput. Solving Large Scale
                 Irregular Applic. (Stratagem '96)",
  editor =       "C. Roucairol",
  publisher =    "INRIA",
  address =      "Sophia Antipolis, France",
  pages =        "91--95",
  year =         "1996",
  url =          {<a href = "96/Ka96:stratagem.ps.gz">BASE/96/Ka96:stratagem.ps.gz</a>},
}

@InProceedings{KaLo96:hpc,title =

"Distributed matrix-free solution of large sparse linear systems
over finite fields",

  author =       "E. Kaltofen and A. Lobo",
  booktitle =    "Proc. High Performance Computing '96",
  year =         "1996",
  editor =       "A. M. Tentner",
  pages =        "244--247",
  organization = "Society for Computer Simulation",
  publisher =    "Simulation Councils, Inc.",
  address =      "San Diego, CA",
  note =         "Journal version \cite{KaLo99}",
  url =          {<a href = "96/KaLo96:hpc.ps.gz">BASE/96/KaLo96:hpc.ps.gz</a>},
}

@Unpublished{SaKa96,title =

"On Distributed Scheduling Using Load Prediction from Past Information",

  author =       "M. Samadani and E. Kaltofen",
  note =         "Manuscript",
  year =         "1996",
}

@InProceedings{KaLo96:issac,title =

"On rank properties of {Toeplitz} matrices over finite fields",

  author =       "E. Kaltofen and A. Lobo",
  booktitle =    ProcISSAC96,
  crossref =     "ISSAC96",
  pages =        "241--249",
  url =          {<a href = "96/KaLo96:issac.ps.gz">BASE/96/KaLo96:issac.ps.gz</a>},
}

@InProceedings{EKM96,title =

"Generic {Gram}-{Schmidt} Orthogonalization by Exact Division",

  author =       Erlingsson # " and E. Kaltofen and D. Musser",
  booktitle =    ProcISSAC96,
  crossref =     "ISSAC96",
  pages =        "275--282",
  url =          {<a href = "96/EKM96.ps.gz">BASE/96/EKM96.ps.gz</a>},
}

%%%%%%%%%%%%
%%%      %%%
%%% 1995 %%%
%%%      %%%
%%%%%%%%%%%%
@Article{Ka95:jcss,title =

"Effective {Noether} irreducibility forms and applications",

  author =       "E. Kaltofen",
  journal =      JCSS,
  year =         "1995",
  volume =       "50",
  number =       "2",
  pages =        "274--295",
  url =          {<a href = "95/Ka95:jcss.ps.gz">BASE/95/Ka95:jcss.ps.gz</a>},
}

@Article{DHKLV95,title =

"Process scheduling in {DSC} and the large sparse linear systems challenge",

  author =       Diaz # " and M. Hitz and E. Kaltofen and A. Lobo and T.
                 Valente",
  journal =      JSC,
  year =         "1995",
  volume =       "19",
  number =       "1--3",
  pages =        "269--282",
  url =          {<a href = "95/DHKLV95.ps.gz">BASE/95/DHKLV95.ps.gz</a>},
}

@Article{HiKa95,title =

"Integer division in residue number systems",

  author =       "M. A. Hitz and E. Kaltofen",
  journal =      "IEEE Trans. Computers",
  year =         "1995",
  volume =       "44",
  number =       "8",
  pages =        "983--989",
  url =          {<a href = "95/HiKa95.ps.gz">BASE/95/HiKa95.ps.gz</a>},
}

@InProceedings{KaSh95,title =

"Subquadratic-time factoring of polynomials over finite fields",

  author =       "E. Kaltofen and V. Shoup",
  booktitle =    "Proc. 27th " # STOC,
  year =         "1995",
  publisher =    "ACM Press",
  address =      "New York, N.Y.",
  pages =        "398--406",
  note =         "Journal version \cite{KaSh98}",
  url =          {<a href = "95/KaSh95.ps.gz">BASE/95/KaSh95.ps.gz</a>},
  talk =         {<a href = "95/stoc95.ps.gz">BASE/95/stoc95.ps.gz</a>},
}

@InProceedings{DiKa95,title =

"On computing greatest common divisors with polynomials
given by black boxes for their evaluation",

  author =       Diaz # " and E. Kaltofen",
  booktitle =    ProcISSAC95,
  crossref =     "ISSAC95",
  pages =        "232--239",
  url =          {<a href = "95/DiKa95.ps.gz">BASE/95/DiKa95.ps.gz</a>},
}

@Article{Ka95:mathcomp,
  author =       "E. Kaltofen",
  title =        "Analysis of {Coppersmith}'s block {Wiedemann}
                 algorithm for the parallel solution of sparse linear
                 systems",
  journal =      MathComp,
  year =         "1995",
  volume =       "64",
  number =       "210",
  pages =        "777--806",
  url =          {<a href = "95/Ka95:mathcomp.ps.gz">BASE/95/Ka95:mathcomp.ps.gz</a>},
}

@InProceedings{SaKa95:podc,
  author =       "M. Samadani and E. Kaltofen",
  title =        "Prediction based task scheduling in distributed
                 computing",
  booktitle =    "Proc. 14th " # PODC,
  publisher =    "ACM Press",
  pages =        "261",
  year =         "1995",
  address =      "New York, N. Y.",
  note =         "Brief announcement of~\cite{SaKa95:poster,SaKa96}",
}

@InProceedings{SaKa95:poster,
  author =       "M. Samadani and E. Kaltofen",
  title =        "Prediction based task scheduling in distributed
                 computing",
  booktitle =    "Languages, Compilers and Run-Time Systems for Scalable
                 Computers",
  editor =       "B. K. Szymanski and B. Sinharoy",
  publisher =    "Kluwer Academic Publ.",
  address =      "Boston",
  pages =        "317--320",
  year =         "1996",
  note =         "Poster session paper of~\cite{SaKa96}",
  url =          {<a href = "95/SaKa95:poster.ps.gz">BASE/95/SaKa95:poster.ps.gz</a>},
}

%%%%%%%%%%%%
%%%      %%%
%%% 1994 %%%
%%%      %%%
%%%%%%%%%%%%
@InProceedings{Ka94:issac,
  author =       "E. Kaltofen",
  title =        "Asymptotically fast solution of {Toeplitz}-like
                 singular linear systems",
  booktitle =    ProcISSAC94,
  pages =        "297--304",
  crossref =     "ISSAC94",
  note =         "Journal version in~\cite{Ka95:mathcomp}",
  url =          {<a href = "94/Ka94:issac.ps.gz">BASE/94/Ka94:issac.ps.gz</a>},
  talk =         {<a href = "94/issac94.ps.gz">BASE/94/issac94.ps.gz</a>},
}

@InProceedings{KaLo94,
  author =       "E. Kaltofen and A. Lobo",
  title =        "Factoring high-degree polynomials by the black box
                 {Berlekamp} algorithm",
  booktitle =    ProcISSAC94,
  crossref =     "ISSAC94",
  pages =        "90--98",
  url =          {<a href = "94/KaLo94.ps.gz">BASE/94/KaLo94.ps.gz</a>},
}

@InProceedings{CDK94,
  author =       "K. C. Chan and " # Diaz # " and E. Kaltofen",
  editor =       "R. J. Lopez",
  title =        "A distributed approach to problem solving in {Maple}",
  booktitle =    "Maple V: Mathematics and its Application",
  pages =        "13--21",
  publisher =    "{Birkh\"auser}",
  year =         "1994",
  series =       "Proceedings of the Maple Summer Workshop and Symposium
                 (MSWS'94)",
  address =      "Boston",
  url =          {<a href = "94/CDK94.ps.gz">BASE/94/CDK94.ps.gz</a>},
}

@InProceedings{KaPa94,
  author =       "E. Kaltofen and V. Pan",
  title =        "Parallel solution of {Toeplitz} and {Toeplitz}-like
                 linear systems over fields of small positive
                 characteristic",
  booktitle =    "Proc. First " # PASCO # " '94",
  crossref =     "PASCO94",
  pages =        "225--233",
  url =          {<a href = "94/KaPa94.ps.gz">BASE/94/KaPa94.ps.gz</a>},
}

%%%%%%%%%%%%
%%%      %%%
%%% 1993 %%%
%%%      %%%
%%%%%%%%%%%%
@Article{Ka93:sambull,
  author =       "E. Kaltofen",
  title =        "Direct proof of a theorem by {Kalkbrener}, {Sweedler},
                 and {Taylor}",
  journal =      "SIGSAM Bulletin",
  year =         "1993",
  volume =       "27",
  number =       "4",
  pages =        "2",
  url =          {<a href = "93/Ka93:sambull.ps.gz">BASE/93/Ka93:sambull.ps.gz</a>},
}

@InProceedings{Ka93:aaecc,
  author =       "E. Kaltofen",
  editor =       "G. Cohen and T. Mora and O. Moreno",
  title =        "Analysis of {Coppersmith}'s block {Wiedemann}
                 algorithm for the parallel solution of sparse linear
                 systems",
  booktitle =    "Proc. AAECC-10",
  series =       SLNCS,
  pages =        "195--212",
  year =         "1993",
  volume =       "673",
  publisher =    SpringerVerl,
  address =      Springeraddr,
  note =         "Journal version in~\cite{Ka95:mathcomp}",
  url =          {<a href = "93/Ka93:aaecc.ps.gz">BASE/93/Ka93:aaecc.ps.gz</a>},
  talk =         {<a href = "93/oberwolfach.ps.gz">BASE/93/oberwolfach.ps.gz</a>},
}

@InProceedings{DHKLV93,
  author =       Diaz # " and M. Hitz and E. Kaltofen and A. Lobo and T.
                 Valente",
  editor =       "A. Miola",
  title =        "Process scheduling in {DSC} and the large sparse
                 linear systems challenge",
  booktitle =    "Proc. DISCO '93",
  series =       SLNCS,
  pages =        "66--80",
  year =         "1993",
  volume =       "722",
  publisher =    SpringerVerl,
  address =      Springeraddr,
  note =         "Journal version in~\cite{DHKLV95}",
  url =          {<a href = "93/DHKLV93.ps.gz">BASE/93/DHKLV93.ps.gz</a>},
}

@InCollection{Ka93:synthesis,
  author =       "E. Kaltofen",
  editor =       "J. Reif",
  title =        "Dynamic parallel evaluation of computation {DAG}s",
  booktitle =    "Synthesis of Parallel Algorithms",
  pages =        "723--758",
  publisher =    "Morgan Kaufmann Publ.",
  year =         "1993",
  address =      "San Mateo, California",
  url =          {<a href = "93/Ka93:synthesis.ps.gz">BASE/93/Ka93:synthesis.ps.gz</a>},
}

@InProceedings{Ka93:diff,
  author =       "E. Kaltofen",
  title =        "Computational Differentiation and Algebraic Complexity
                 Theory",
  booktitle =    "Workshop Report on First Theory Institute on
                 Computational Differentiation",
  editor =       "C. H. Bischof and A. Griewank and P. M. Khademi",
  publisher =    "Argonne National Laboratory",
  address =      "Argonne, Illinois",
  series =       "Tech. Rep.",
  volume =       "ANL/MCS-TM-183",
  month =        dec,
  year =         "1993",
  pages =        "28--30",
  url =          {<a href = "93/Ka93:diff.ps.gz">BASE/93/Ka93:diff.ps.gz</a>},
}

%%%%%%%%%%%%
%%%      %%%
%%% 1992 %%%
%%%      %%%
%%%%%%%%%%%%
@InProceedings{Ka92:latin,
  author =       "E. Kaltofen",
  title =        "Polynomial factorization 1987-1991",
  booktitle =    "Proc. LATIN '92",
  editor =       "I. Simon",
  series =       SLNCS,
  volume =       "583",
  pages =        "294--313",
  publisher =    SpringerVerl,
  address =      Springeraddr,
  year =         "1992",
  url =          {<a href = "92/Ka92:latin.ps.gz">BASE/92/Ka92:latin.ps.gz</a>},
}

@InProceedings{Ka92:issac,
  author =       "E. Kaltofen",
  title =        "On computing determinants of matrices without
                 divisions",
  booktitle =    ProcISSAC92,
  crossref =     "ISSAC92",
  pages =        "342--349",
  url =          {<a href = "92/Ka92:issac.ps.gz">BASE/92/Ka92:issac.ps.gz</a>},
}

@InProceedings{KaPa92,
  author =       "E. Kaltofen and V. Pan",
  title =        "Processor-efficient parallel solution of linear
                 systems {II}: the positive characteristic and singular
                 cases",
  booktitle =    "Proc. 33rd " # FOCS,
  year =         "1992",
  pages =        "714--723",
  publisher =    "IEEE Computer Society Press",
  address =      "Los Alamitos, California",
  url =          {<a href = "92/KaPa92.ps.gz">BASE/92/KaPa92.ps.gz</a>},
}

@TechReport{Ka92:sparse,
  author =       "E. Kaltofen",
  title =        "Efficient Solution of Sparse Linear Systems",
  institution =  RPI,
  address =      "Dept. Comput. Sci., Troy, New York",
  year =         "1992",
  type =         "{Lect. Notes}",
}

%%%%%%%%%%%%
%%%      %%%
%%% 1991 %%%
%%%      %%%
%%%%%%%%%%%%
@Article{CaKa91,
  author =       "D. G. Cantor and E. Kaltofen",
  title =        "On fast multiplication of polynomials over arbitrary
                 algebras",
  journal =      "Acta Inform.",
  year =         "1991",
  volume =       "28",
  number =       "7",
  pages =        "693--701",
  url =          {<a href = "91/CaKa91.ps.gz">BASE/91/CaKa91.ps.gz</a>},
}

@InProceedings{Ka91:stoc,
  author =       "E. Kaltofen",
  title =        "Effective {Noether} irreducibility forms and
                 applications",
  booktitle =    "Proc. 22nd " # STOC,
  pages =        "54--63",
  year =         "1991",
  publisher =    "ACM Press",
  address =      "New York, N.Y.",
  note =         "Full version in~\cite{Ka95:jcss}",
}

@InProceedings{KaPa91,
  author =       "E. Kaltofen and V. Pan",
  title =        "Processor efficient parallel solution of linear
                 systems over an abstract field",
  booktitle =    "Proc. SPAA '91 3rd Ann. ACM Symp. Parallel Algor.
                 Architecture",
  pages =        "180--191",
  publisher =    "ACM Press",
  year =         "1991",
  address =      "New York, N.Y.",
  url =          {<a href = "91/KaPa91.ps.gz">BASE/91/KaPa91.ps.gz</a>},
}

@InProceedings{DKSV91,
  author =       Diaz # " and E. Kaltofen and K. Schmitz and T.
                 Valente",
  title =        "{DSC} {A} System for Distributed Symbolic
                 Computation",
  booktitle =    ProcISSAC91,
  crossref =     "ISSAC91",
  pages =        "323--332",
  url =          {<a href = "91/DKSV91.ps.gz">BASE/91/DKSV91.ps.gz</a>},
}

@InCollection{KaYui91,
  author =       "E. Kaltofen and N. Yui",
  editor =       "D. V. Chudnovsky and G. V. Chudnovsky and H. Cohn and
                 M. B. Nathanson",
  title =        "Explicit construction of {Hilbert} class fields of
                 imaginary quadratic fields by integer lattice
                 reduction",
  booktitle =    "Number Theory New York Seminar 1989--1990",
  pages =        "150--202",
  publisher =    SpringerVerl,
  year =         "1991",
  address =      Springeraddr,
}

@InProceedings{KaSi91,
  author =       "E. Kaltofen and M. F. Singer",
  editor =       "D. V. Shirkov and V. A. Rostovtsev and V. P. Gerdt",
  title =        "Size efficient parallel algebraic circuits for partial
                 derivatives",
  booktitle =    "IV International Conference on Computer Algebra in
                 Physical Research",
  pages =        "133--145",
  publisher =    "World Scientific Publ. Co.",
  year =         "1991",
  address =      "Singapore",
  url =          {<a href = "91/KaSi91.ps.gz">BASE/91/KaSi91.ps.gz</a>},
}

@InProceedings{KaSa91,
  author =       "E. Kaltofen and B. D. Saunders",
  editor =       "H. F. Mattson and T. Mora and T. R. N. Rao",
  title =        "On {Wiedemann's} method of solving sparse linear
                 systems",
  booktitle =    "Proc. AAECC-9",
  series =       SLNCS,
  volume =       "539",
  pages =        "29--38",
  publisher =    SpringerVerl,
  address =      Springeraddr,
  year =         "1991",
  url =          {<a href = "91/KaSa91.ps.gz">BASE/91/KaSa91.ps.gz</a>},
  talk =         {<a href = "91/aaecc.ps.gz">BASE/91/aaecc.ps.gz</a>},
}

%%%%%%%%%%%%
%%%      %%%
%%% 1990 %%%
%%%      %%%
%%%%%%%%%%%%
@Article{KaTr90,
  author =       "E. Kaltofen and B. Trager",
  title =        "Computing with polynomials given by black boxes for
                 their evaluations: Greatest common divisors,
                 factorization, separation of numerators and
                 denominators",
  journal =      JSC,
  year =         "1990",
  volume =       "9",
  number =       "3",
  pages =        "301--320",
  url =          {<a href = "90/KaTr90.ps.gz">BASE/90/KaTr90.ps.gz</a>},
}

@InCollection{Ka90:survey,
  author =       "E. Kaltofen",
  editor =       "D. V. Chudnovsky and R. D. Jenks",
  title =        "Polynomial Factorization 1982-1986",
  booktitle =    "Computers in Mathematics",
  pages =        "285--309",
  publisher =    "Marcel Dekker, Inc.",
  year =         "1990",
  volume =       "125",
  series =       "Lecture Notes in Pure and Applied Mathematics",
  address =      "New York, N. Y.",
  url =          {<a href = "90/Ka90:survey.ps.gz">BASE/90/Ka90:survey.ps.gz</a>},
}

@Article{Ka90:aaecc,
  author =       "E. Kaltofen",
  title =        "Computing the irreducible real factors and components
                 of an algebraic curve",
  journal =      AAECC,
  year =         "1990",
  volume =       "1",
  number =       "2",
  pages =        "135--148",
  url =          {<a href = "90/Ka90:aaecc.ps.gz">BASE/90/Ka90:aaecc.ps.gz</a>},
}

@Article{KKS90,
  author =       "E. Kaltofen and M. S. Krishnamoorthy and B. D.
                 Saunders",
  title =        "Parallel algorithms for matrix normal forms",
  journal =      LAA,
  year =         "1990",
  volume =       "136",
  pages =        "189--208",
  url =          {<a href = "90/KKS90.ps.gz">BASE/90/KKS90.ps.gz</a>},
}

@InProceedings{KLW90,
  author =       "E. Kaltofen and " # Lakshman # " and J. M. Wiley",
  editor =       "S. Watanabe and M. Nagata",
  title =        "Modular rational sparse multivariate polynomial
                 interpolation",
  booktitle =    ProcISSAC90,
  pages =        "135--139",
  publisher =    "ACM Press",
  year =         "1990",
  url =          {<a href = "90/KLW90.ps.gz">BASE/90/KLW90.ps.gz</a>},
}

@InProceedings{ReKa90,
  author =       "D. Rebne and E. Kaltofen",
  title =        "Computer Mathematics Systems and a Trilateral Approach
                 to Human Resource Development in Technical
                 Occupations",
  booktitle =    "Proc.\ 7th International Conference on Technology and
                 Education",
  volume =       "1",
  editor =       "N. Estes and J. Heene and D. Leclercq",
  publisher =    "CEP Consultants Ltd.",
  address =      "Edinburgh, United Kingdom",
  pages =        "251--253",
  year =         "1990",
}

@Book{Ka90:paperback,
  editor =       "E. Kaltofen",
  title =        "Algebraic Computational Complexity",
  publisher =    "Academic Press",
  address =      "London",
  month =        oct,
  year =         "1990",
  note =         "Special issue volume 9, number 3 (March 1990) of
                 {\itshape J. Symbolic Comput.}",
}

%%%%%%%%%%%%
%%%      %%%
%%% 1989 %%%
%%%      %%%
%%%%%%%%%%%%
@InProceedings{Ka89:real,
  author =       "E. Kaltofen",
  title =        "Computing the irreducible real factors and components
                 of an algebraic curve",
  booktitle =    "Proc.\ 5th Symp. Comput. Geometry",
  pages =        "79--87",
  publisher =    "ACM Press",
  year =         "1989",
  note =         "Journal version in~\cite{Ka90:aaecc}",
}

@Book{KaWa89,
  editor =       "E. Kaltofen and S. M. Watt",
  title =        "Computers and Mathematics",
  publisher =    SpringerVerl,
  address =      Springeraddr,
  year =         "1989",
}

@InProceedings{KVY89,
  author =       "E. Kaltofen and T. Valente and N. Yui",
  title =        "An improved {Las Vegas} primality test",
  booktitle =    ProcISSAC89,
  year =         "1989",
  pages =        "26--33",
  organization = "ACM",
  url =          {<a href = "89/KVY89.ps.gz">BASE/89/KVY89.ps.gz</a>},
}

@InProceedings{CKL89,
  author =       "J. Canny and E. Kaltofen and {Lakshman Yagati}",
  title =        "Solving systems of non-linear polynomial equations
                 faster",
  booktitle =    ProcISSAC89,
  year =         "1989",
  pages =        "121--128",
  organization = "ACM",
  url =          {<a href = "89/CKL89.ps.gz">BASE/89/CKL89.ps.gz</a>},
}

@TechReport{Ka89:parallel,
  author =       "E. Kaltofen",
  title =        "Parallel Algebraic Algorithm Design",
  institution =  RPI,
  address =      "Dept. Comput. Sci., Troy, New York",
  year =         "1989",
  month =        jul,
  type =         "{Lect. Notes}",
  note =         "Tutorial at 1989 Internat. Symp. Symb. Algebraic
                 Comput., Portland, Oregon; contains~\cite{Ka89:gcd}.",
  url =          {<a href = "89/Ka89:parallel.ps.gz">BASE/89/Ka89:parallel.ps.gz</a>},
}

@TechReport{Ka89:gcd,
  author =       "E. Kaltofen",
  title =        "Processor efficient parallel computation of polynomial
                 greatest common divisors",
  institution =  RPI,
  address =      "Dept. Comput. Sci., Troy, New York",
  year =         "1989",
  month =        jul,
  type =         "Manuscript",
  url =          {<a href = "89/Ka89:gcd.ps.gz">BASE/89/Ka89:gcd.ps.gz</a>},
}

@Article{KaRo89,
  author =       "E. Kaltofen and H. Rolletschek",
  title =        "Computing greatest common divisors and factorizations
                 in quadratic number fields",
  journal =      MathComp,
  year =         "1989",
  volume =       "53",
  number =       "188",
  pages =        "697--720",
  url =          {<a href = "89/KaRo89.ps.gz">BASE/89/KaRo89.ps.gz</a>},
}

@InProceedings{KKS89,
  author =       "E. Kaltofen and M. S. Krishnamoorthy and B. D.
                 Saunders",
  editor =       "J. H. Davenport",
  title =        "Mr. {Smith} goes to {Las Vegas}: Randomized parallel
                 computation of the {Smith} normal form of polynomial
                 matrices",
  booktitle =    "Proc. EUROCAL '87",
  series =       SLNCS,
  year =         "1989",
  volume =       "378",
  pages =        "317--322",
  publisher =    SpringerVerl,
  address =      Springeraddr,
  note =         "Journal version in~\cite{KKS90}",
}

@InCollection{Ka89:slpfac,
  author =       "E. Kaltofen",
  editor =       "S. Micali",
  title =        "Factorization of polynomials given by straight-line
                 programs",
  booktitle =    "Randomness and Computation",
  pages =        "375--412",
  publisher =    "JAI Press Inc.",
  year =         "1989",
  volume =       "5",
  series =       "Advances in Computing Research",
  address =      "Greenwhich, Connecticut",
  url =          {<a href = "89/Ka89:slpfac.ps.gz">BASE/89/Ka89:slpfac.ps.gz</a>},
}

%%%%%%%%%%%%
%%%      %%%
%%% 1988 %%%
%%%      %%%
%%%%%%%%%%%%
@Article{GrKa88,
  author =       "B. Gregory and E. Kaltofen",
  title =        "Analysis of the binary complexity of asymptotically
                 fast algorithms for linear system solving",
  journal =      "SIGSAM Bulletin",
  year =         "1988",
  month =        apr,
  volume =       "22",
  number =       "2",
  pages =        "41--49",
}

@Article{FIKY88,
  author =       "T. S. Freeman and G. Imirzian and E. Kaltofen and
                 {Lakshman Yagati}",
  title =        "{{\scshape Dagwood}}: {A} system for manipulating
                 polynomials given by straight-line programs",
  journal =      "ACM Trans. Math. Software",
  year =         "1988",
  volume =       "14",
  number =       "3",
  pages =        "218--240",
  url =          {<a href = "88/FIKY88.ps.gz">BASE/88/FIKY88.ps.gz</a>},
}

@Article{Ka88:jacm,
  author =       "E. Kaltofen",
  title =        "Greatest common divisors of polynomials given by
                 straight-line programs",
  journal =      "J. ACM",
  year =         "1988",
  volume =       "35",
  number =       "1",
  pages =        "231--264",
  url =          {<a href = "88/Ka88:jacm.ps.gz">BASE/88/Ka88:jacm.ps.gz</a>},
}

@InProceedings{KaLa88,
  author =       "E. Kaltofen and {Lakshman Yagati}",
  title =        "Improved sparse multivariate polynomial interpolation
                 algorithms",
  booktitle =    "Symbolic Algebraic Comput. Internat. Symp. ISSAC '88 Proc.",
  editor =       "P. Gianni",
  series =       SLNCS,
  year =         "1988",
  volume =       "358",
  pages =        "467--474",
  publisher =    SpringerVerl,
  address =      Springeraddr,
  url =          {<a href = "88/KaLa88.ps.gz">BASE/88/KaLa88.ps.gz</a>},
}

@Article{MRK88,
  author =       "G. L. Miller and V. Ramachandran and E. Kaltofen",
  title =        "Efficient parallel evaluation of straight-line code
                 and arithmetic circuits",
  journal =      SIComp,
  year =         "1988",
  volume =       "17",
  number =       "4",
  pages =        "687--695",
  url =          {<a href = "88/MRK88.ps.gz">BASE/88/MRK88.ps.gz</a>},
}

@InProceedings{KaTr88,
  author =       "E. Kaltofen and B. Trager",
  title =        "Computing with polynomials given by black boxes for
                 their evaluations: Greatest common divisors,
                 factorization, separation of numerators and
                 denominators",
  booktitle =    "Proc. 29th " # FOCS,
  pages =        "296--305",
  year =         "1988",
  organization = "IEEE",
  note =         "Journal version in~\cite{KaTr90}",
  talk =         {<a href = "88/focs88.ps.gz">BASE/88/focs88.ps.gz</a>},
}

%%%%%%%%%%%%
%%%      %%%
%%% 1987 %%%
%%%      %%%
%%%%%%%%%%%%
@Article{Ka87:jsc,
  author =       "E. Kaltofen",
  title =        "Deterministic irreducibility testing of polynomials
                 over large finite fields",
  journal =      JSC,
  year =         "1987",
  volume =       "4",
  pages =        "77--82",
  url =          {<a href = "87/Ka87:jsc.ps.gz">BASE/87/Ka87:jsc.ps.gz</a>},
}

@InProceedings{Ka87:stoc,
  author =       "E. Kaltofen",
  title =        "Single-factor {Hensel} lifting and its application to
                 the straight-line complexity of certain polynomials",
  booktitle =    "Proc. 19th " # STOC,
  year =         "1987",
  pages =        "443--452",
  organization = "ACM",
  url =          {<a href = "87/Ka87:stoc.ps.gz">BASE/87/Ka87:stoc.ps.gz</a>},
}

@InCollection{Ka87:annrev,
  author =       "E. Kaltofen",
  editor =       "J. F. Traub",
  title =        "Computer algebra algorithms",
  booktitle =    "Annual Review in Computer Science",
  pages =        "91--118",
  publisher =    "Annual Reviews Inc.",
  year =         "1987",
  volume =       "2",
  address =      "Palo Alto, California",
  url =          {<a href = "87/Ka87:annrev.ps.gz">BASE/87/Ka87:annrev.ps.gz</a>},
}

@Article{KKS87,
  author =       "E. Kaltofen and M. S. Krishnamoorthy and B. D.
                 Saunders",
  title =        "Fast parallel computation of {Hermite} and {Smith}
                 forms of polynomial matrices",
  journal =      "SIAM J. Alg. Discrete Math.",
  year =         "1987",
  volume =       "8",
  pages =        "683--690",
  url =          {<a href = "87/KKS87.ps.gz">BASE/87/KKS87.ps.gz</a>},
}

%%%%%%%%%%%%
%%%      %%%
%%% 1986 %%%
%%%      %%%
%%%%%%%%%%%%
@InProceedings{Ka86:stoc,
  author =       "E. Kaltofen",
  title =        "Uniform closure properties of p-computable functions",
  booktitle =    "Proc. 18th " # STOC,
  year =         "1986",
  pages =        "330--337",
  organization = "ACM",
  note =         "Also published as part of \cite{Ka88:jacm} and
                  \cite{Ka89:slpfac}",
}

@InProceedings{KKS86,
  author =       "E. Kaltofen and M. S. Krishnamoorthy and B. D.
                 Saunders",
  title =        "Fast parallel algorithms for similarity of matrices",
  booktitle =    "Proc. 1986 Symp. Symbolic Algebraic Comput. Symsac '86",
  pages =        "65--70",
  crossref =     "SYMSAC86",
  note =         "Journal version in \cite{KKS87} and \cite{KKS90}",
}

@InProceedings{FIKY86,
  author =       "T. S. Freeman and G. Imirzian and E. Kaltofen and
                 {Lakshman Yagati}",
  title =        "{{\scshape Dagwood}}: {A} system for manipulating
                 polynomials given by straight-line programs",
  booktitle =    "Proc. 1986 Symp. Symbolic Algebraic Comput. Symsac '86",
  pages =        "169--175",
  crossref =     "SYMSAC86",
  note =         "Journal version in~\cite{FIKY88}",
}

@InProceedings{MRK86,
  author =       "G. L. Miller and V. Ramachandran and E. Kaltofen",
  title =        "Efficient parallel evaluation of straight-line code
                 and arithmetic circuits",
  booktitle =    "Proc.\ Second International Workshop on Parallel
                 Computing and {VLSI} -- {AWOC} '86",
  series =       SLNCS,
  volume =       "227",
  pages =        "236--245",
  year =         "1986",
  note =         "Journal version in~\cite{MRK88}",
}

%%%%%%%%%%%%
%%%      %%%
%%% 1985 %%%
%%%      %%%
%%%%%%%%%%%%
@Article{GaKa85:mathcomp,
  author =       Gathen # " and E. Kaltofen",
  title =        "Factoring multivariate polynomials over finite
                 fields",
  journal =      MathComp,
  year =         "1985",
  volume =       "45",
  pages =        "251--261",
  url =          {<a href = "85/GaKa85:mathcomp.ps.gz">BASE/85/GaKa85:mathcomp.ps.gz</a>},
}

@Article{GaKa85:jcss,
  author =       Gathen # " and E. Kaltofen",
  title =        "Factoring sparse multivariate polynomials",
  journal =      JCSS,
  year =         "1985",
  volume =       "31",
  pages =        "265--287",
}

@Article{Ka85:sicomp,
  author =       "E. Kaltofen",
  title =        "Polynomial-time reductions from multivariate to bi-
                 and univariate integral polynomial factorization",
  journal =      SIComp,
  year =         "1985",
  volume =       "14",
  number =       "2",
  pages =        "469--489",
  url =          {<a href = "85/Ka85:sicomp.ps.gz">BASE/85/Ka85:sicomp.ps.gz</a>},
}

@InProceedings{Ka85:stoc,
  author =       "E. Kaltofen",
  title =        "Computing with polynomials given by straight-line
                 programs {I}; greatest common divisors",
  booktitle =    "Proc. 17th " # STOC,
  year =         "1985",
  pages =        "131--142",
  organization = "ACM",
  note =         "Also published as part of \cite{Ka88:jacm} and
                  \cite{Ka89:slpfac}",
}

@InProceedings{Ka85:eurocal,
  author =       "E. Kaltofen",
  title =        "Sparse {Hensel} lifting",
  booktitle =    "EUROCAL 85 European Conf. Comput. Algebra Proc. Vol. 2",
  crossref =     "EUROCAL85",
  pages =        "4--17",
  note =         "Proofs in \cite{Ka85:techrep}",
  url =          {<a href = "85/Ka85:eurocal.ps.gz">BASE/85/Ka85:eurocal.ps.gz</a>},
}

@TechReport{Ka85:techrep,
  author =       "E. Kaltofen",
  title =        "Sparse {Hensel} lifting",
  institution =  RPI,
  address =      "Dept. Comput. Sci., Troy, N. Y.",
  year =         1985,
  number =       "85-12",
  url =          {<a href = "85/Ka85:techrep.ps.gz">BASE/85/Ka85:techrep.ps.gz</a>},
}

@InProceedings{KaRo85,
  author =       "E. Kaltofen and H. Rolletschek",
  title =        "Computing greatest common divisors and factorizations
                 in quadratic number fields",
  booktitle =    "EUROCAL 85 European Conf. Comput. Algebra Proc. Vol. 2",
  crossref =     "EUROCAL85",
  pages =        "279--288",
  note =         "Journal version in~\cite{KaRo89}",
}

@InProceedings{Ka85:focs,
  author =       "E. Kaltofen",
  title =        "Computing with polynomials given by straight-line
                 programs {II}; sparse factorization",
  booktitle =    "Proc. 26th " # FOCS,
  year =         "1985",
  pages =        "451--458",
  organization = "IEEE",
  url =          {<a href = "85/Ka85:focs.ps.gz">BASE/85/Ka85:focs.ps.gz</a>},
}

@Article{Ka85:jsc,
  author =       "E. Kaltofen",
  title =        "Fast parallel absolute irreducibility testing",
  journal =      JSC,
  year =         "1985",
  volume =       "1",
  number =       "1",
  pages =        "57--67",
  note =         "Misprint corrections: {\itshape J. Symbolic Comput.}
                 vol. 9, p. 320 (1989).",
  url =          {<a href = "85/Ka85:jsc.ps.gz">BASE/85/Ka85:jsc.ps.gz</a>},
}

@Article{Ka85:infcontr,
  author =       "E. Kaltofen",
  title =        "Effective {Hilbert} irreducibility",
  journal =      "Information and Control",
  year =         "1985",
  volume =       "66",
  pages =        "123--137",
  url =          {<a href = "85/Ka85:infcontr.ps.gz">BASE/85/Ka85:infcontr.ps.gz</a>},
}

@TechReport{KaPa85,
  author =       "E. Kaltofen and V. Pan",
  title =        "The Integer Manipulation Techniques Can Compete with
                 the Linear Algebra Methods for Solving Sparse Linear
                 Systems",
  institution =  "State Univ. of New York at Albany",
  address =      "Comp. Sci. Dept.",
  number =       "85-6",
  year =         "1985",
  type =         "Tech. Rep.",
}

%%%%%%%%%%%%
%%%      %%%
%%% 1984 %%%
%%%      %%%
%%%%%%%%%%%%
@TechReport{Ka84:integration,
  author =       "E. Kaltofen",
  title =        "The Algebraic Theory of Integration",
  institution =  RPI,
  address =      "Dept. Comput. Sci., Troy, New York",
  year =         "1984",
  type =         "{Lect. Notes}",
  url =          {<a href = "84/Ka84:integration.ps.gz">BASE/84/Ka84:integration.ps.gz</a>},
}

@InProceedings{Ka84:hilbert,
  author =       "E. Kaltofen",
  title =        "Effective {Hilbert} Irreducibility",
  booktitle =    "Proc. EUROSAM '84",
  pages =        "275--284",
  crossref =     "EUROSAM84",
  note =         "Journal version in~\cite{Ka85:infcontr}",
}
 
@InProceedings{KaYui84:eurosam,
  author =       "E. Kaltofen and N. Yui",
  title =        "Explicit construction of the {Hilbert} class field of
                 imaginary quadratic fields with class number 7 and 11",
  booktitle =    "Proc. EUROSAM '84",
  pages =        "310--320",
  crossref =     "EUROSAM84",
  url =          {<a href = "84/KaYui84:eurosam.ps.gz">BASE/84/KaYui84:eurosam.ps.gz</a>},
}

@InProceedings{Ka84:risch,
  author =       "E. Kaltofen",
  title =        "A Note on the {Risch} Differential Equation",
  booktitle =    "Proc. EUROSAM '84",
  pages =        "359--366",
  crossref =     "EUROSAM84",
  url =          {<a href = "84/Ka84:risch.ps.gz">BASE/84/Ka84:risch.ps.gz</a>},
}

@InProceedings{KaYui84:macsyma,
  author =       "E. Kaltofen and N. Yui",
  title =        "The Modular Equation of Order 11",
  booktitle =    "Third {Macsyma} Users' Conference",
  organization = "General Electric",
  year =         "1984",
  pages =        "472--485",
}

@InCollection{Ka84:lenstra,
  author =       "E. Kaltofen",
  editor =       LenstraHW # " and J. K. Lenstra and " # vanEmdeBoas,
  title =        "On a Theorem by {R. Dedekind}",
  booktitle =    "DOPO LE PAROLE",
  publisher =    "Album in Honor of A. K. Lenstra's Doctorate",
  address =      "Amsterdam",
  month =        may,
  year =         "1984",
}

%%%%%%%%%%%%
%%%      %%%
%%% 1983 %%%
%%%      %%%
%%%%%%%%%%%%
@InProceedings{Ka83:eurocal,title =

"On the complexity of finding short vectors in integer lattices",

  author =       "E. Kaltofen",
  booktitle =    "Proc. EUROCAL '83",
  series =       SLNCS,
  year =         "1983",
  volume =       "162",
  pages =        "236--244",
  publisher =    SpringerVerl,
  address =      Springeraddr,
  url =          {<a href = "83/Ka83:eurocal.ps.gz">BASE/83/Ka83:eurocal.ps.gz</a>},
}

@InProceedings{GaKa83,title =

"Factoring multivariate polynomials over finite fields",

  author =       Gathen # " and E. Kaltofen",
  booktitle =    "Proc. 1983 ICALP",
  series =       SLNCS,
  volume =       "154",
  pages =        "250--263",
  year =         "1983",
  publisher =    SpringerVerl,
  address =      Springeraddr,
  note =         "Journal version in~\cite{GaKa85:mathcomp}",
}

@Article{KMS83,title =

"A generalized class of polynomials that are hard to factor",

  author =       "E. Kaltofen and D. R. Musser and B. D. Saunders",
  journal =      SIComp,
  year =         "1983",
  volume =       "12",
  number =       "3",
  pages =        "473--485",
  note =         "Also chapter 2.2 in~\cite{Ka82:thesis}",
}

%%%%%%%%%%%%
%%%      %%%
%%% 1982 %%%
%%%      %%%
%%%%%%%%%%%%
@InCollection{Ka82:survey,title = 

"Polynomial factorization",

  author =       "E. Kaltofen",
  editor =       "B. Buchberger and G. Collins and R. Loos",
  booktitle =    "Computer Algebra",
  edition =      2,
  pages =        "95--113",
  publisher =    SpringerVerl,
  year =         "1982",
  address =      Springeraddr,
  url =          {<a href = "82/Ka82:survey.ps.gz">BASE/82/Ka82:survey.ps.gz</a>},
}

@InProceedings{Ka82:focs,title =

"A polynomial-time reduction from bivariate to
univariate integral polynomial factorization",

  author =       "E. Kaltofen",
  booktitle =    "Proc. 23rd " # FOCS,
  year =         "1982",
  pages =        "57--64",
  organization = "IEEE",
  note =         "Journal version in~\cite{Ka85:sicomp}",
  url =          {<a href = "82/Ka82:focs.ps.gz">BASE/82/Ka82:focs.ps.gz</a>},
}

@InProceedings{Ka82:stoc,title =

"A polynomial reduction from multivariate to bivariate
integral polynomial factorization",

  author =       "E. Kaltofen",
  booktitle =    "Proc. 14th " # STOC,
  year =         "1982",
  pages =        "261--266",
  organization = "ACM",
  note =         "Journal version in~\cite{Ka85:sicomp}",
}

@PhdThesis{Ka82:thesis,title =

"On the complexity of factoring polynomials with integer coefficients",

  author =       "E. Kaltofen",
  school =       RPI,
  address =      "Troy, N. Y.",
  year =         "1982",
  month =        dec,
  note =         "See also \cite{Ka82:survey,KMS83,Ka85:sicomp}",
  url =          {<a href = "82/Ka82:thesis:pre.ps.gz">BASE/82/Ka82:thesis:pre.ps.gz</a>,
                  <a href = "82/Ka82:thesis:1.1.ps.gz">BASE/82/Ka82:thesis:1.1.ps.gz</a>,
                  <a href = "82/Ka82:thesis:1.2.ps.gz">BASE/82/Ka82:thesis:1.2.ps.gz</a>,
                  <a href = "82/Ka82:thesis:1.3.ps.gz">BASE/82/Ka82:thesis:1.3.ps.gz</a>,
                  <a href = "82/Ka82:thesis:1.4.ps.gz">BASE/82/Ka82:thesis:1.4.ps.gz</a>,
                  <a href = "82/Ka82:thesis:2.1.ps.gz">BASE/82/Ka82:thesis:2.1.ps.gz</a>,
                  <a href = "82/Ka82:thesis:2.2.ps.gz">BASE/82/Ka82:thesis:2.2.ps.gz</a>,
                  <a href = "82/Ka82:thesis:2.3.ps.gz">BASE/82/Ka82:thesis:2.3.ps.gz</a>,
                  <a href = "82/Ka82:thesis:3.1.ps.gz">BASE/82/Ka82:thesis:3.1.ps.gz</a>,
                  <a href = "82/Ka82:thesis:3.2.ps.gz">BASE/82/Ka82:thesis:3.2.ps.gz</a>,
                  <a href = "82/Ka82:thesis:3.3.ps.gz">BASE/82/Ka82:thesis:3.3.ps.gz</a>,
                  <a href = "82/Ka82:thesis:3.4.ps.gz">BASE/82/Ka82:thesis:3.4.ps.gz</a>,
                  <a href = "82/Ka82:thesis:3.5.ps.gz">BASE/82/Ka82:thesis:3.5.ps.gz</a>,
                  <a href = "82/Ka82:thesis:4.ps.gz">BASE/82/Ka82:thesis:4.ps.gz</a>,
                  <a href = "82/Ka82:thesis:ref.ps.gz">BASE/82/Ka82:thesis:ref.ps.gz</a>,
                  <a href = "82/Ka82:thesis:apa.ps.gz">BASE/82/Ka82:thesis:apa.ps.gz</a>,
                  <a href = "82/Ka82:thesis:apb.ps.gz">BASE/82/Ka82:thesis:apb.ps.gz</a>},
}

%%%%%%%%%%%%
%%%      %%%
%%% 1981 %%%
%%%      %%%
%%%%%%%%%%%%
@InProceedings{KMS81,title =       

"A generalized class of polynomials that are hard to factor",

  author =       "E. Kaltofen and D. R. Musser and B. D. Saunders",
  booktitle =    "Proc. 1981 ACM Symp. Symbolic and Algebraic Comput.",
  year =         "1981",
  pages =        "188--194",
  publisher =    "ACM",
  note =         "Journal version in~\cite{KMS83}",
}

@TechReport{KaAb81,title =

"An Attributed {LL(1)} Compilation of {Pascal} into the Lambda-Calculus",

  author =       "E. Kaltofen and S. K. Abdali",
  institution =  RPI,
  address =      "Math. Sci. Dept., Troy, N. Y.",
  number =       "CS-8103",
  year =         1981,
}

%%%%%%%%%%%%
%%%      %%%
%%% 1980 %%%
%%%      %%%
%%%%%%%%%%%%
@Manual{Ka80,title =

"{LISP/370 under the Michigan Terminal System}",

  author =       "E. Kaltofen",
  organization = RPI # ", Math. Sci. Dept.",
  address =      "Troy, N. Y.",
  month =        aug,
  year =         1980,
}

% For BibTeX you must insert a file with cross references here
% <a href="crossrefs.bib">crossrefs.bib</a>
%</pre></BODY></HTML>
