%%%%%%%%%%%%%%%%%%%%%
%%%               %%%
%%% DEFININTIIONS %%%
%%%               %%%
%%%%%%%%%%%%%%%%%%%%%
@preamble{"\newcommand{\Gathen}{\relax}"}
@string{Addison = "Addison-Wesley Publ. Comp."}
@string{AAECC = "Applic. Algebra Engin. Commun. Comput."}
@string{Axiom = "ax\d iom"}
@string{Buergisser = "{B\"urgisser}, P."}
@string{CACM = "Commun. ACM"}
@string{Diaz = "{D\'\i az}, A."}
@string{vanEmdeBoas = "{van Emde Boas}, P."}
@string{Encarnacion = "Encarnaci{\'o}n, Mark J."}
@string{Erlingsson = "Erlingsson, \'U."}
@string{ETHzurich = "Eidgen. Techn. Hochschule Zurich"}
@string{Faugere = "Faug\`ere, J.-C."}
@string{FOCS = "Annual Symp. Foundations of Comp. Sci."}
% double {{...}} to make sure FoxBox stays capitalized
@string{FoxBox ="{{\scshape FoxBox}}"}
@string{Gathen = "\Gathen{von zur Gathen}, J."}
@string{Gaetano = "Ga{\"e}tano, M."}
@string{Groebner = "{Gr\"obner}"}
@string{Hastad = "H{\aa}stad, J."}
@string{IMAG = "Institut d'Informatique et de Math\'ematiques Appliqu\'ees de Grenoble"}
@string{IPL = "Information Process. Lett."}
@string{JCSS = "J. Comput. System Sci."}
@string{JSC = "J. Symbolic Comput."}
@string{Kuechlin = {W. K\"uchlin}}
@string{LAA = "Linear Algebra and Applications"}
@string{Lakshman = "{Lakshman Y. N.}"}
@string{LenstraHW = "Lenstra, Jr., H. W."}
@string{Lisonek = "Lison\v{e}k, P."}
@string{Lovasz = "Lov\'asz, L."}
@string{MathComp = "Math. Comput."}
@string{NCSU = "North Carolina State Univ."}
@string{OOPSLA = "Annual {ACM} {SIGPLAN} Conference on Object-Oriented Programming Systems, Languages, and Applications (OOPSLA'98)"}
@string{PASCO = "Internat. Symp. Parallel Symbolic Comput. {PASCO}"}
@string{Petkovsek = "Petkov\v{s}ek, M."}
@string{PODC = "Annual ACM Symp. Principles Distrib. Comput."}
@string{ISSAC = "Internat. Symp. Symbolic Algebraic Comput."}
@string{ProcISSAC89 = "Proc. ACM-SIGSAM 1989 " # ISSAC # " {ISSAC} '89"}
@string{ProcISSAC90 = "{ISSAC} '90 " # ISSAC}
@string{ProcISSAC91 = "Proc. 1991 " # ISSAC # " {ISSAC}'91"}
@string{ProcISSAC92 = ISSAC # " 92"}
@string{ProcISSAC93 = "Proc. 1993 " # ISSAC # " {ISSAC}'93"}
@string{ProcISSAC94 = "{ISSAC} '94 Proc. " # ISSAC}
@string{ProcISSAC95 = "Proc. 1995 " # ISSAC # " {ISSAC}'95"}
@string{ProcISSAC96 = "{ISSAC} 96 Proc. 1996 " # ISSAC}
@string{ProcISSAC97 = "{ISSAC} 97 Proc. 1997 " # ISSAC}
@string{ProcISSAC98 = "{ISSAC} 98 Proc. 1998 " # ISSAC}
@string{ProcISSAC99 = "{ISSAC} 99 Proc. 1999 " # ISSAC}
@string{RPI = "Rensselaer Polytechnic Instit."}
@string{SIComp = "SIAM J. Comput."}
@string{SIGSAMbull = "SIGSAM Bulletin"}
@string{SLNCS = "Lect. Notes Comput. Sci."}
@string{Schoenhage = {Sch\"onhage, A.}}
@string{SpringerVerl = "Springer Verlag"}
@string{Springeraddr = "Heidelberg, Germany"}
@string{STOC = "Annual ACM Symp. Theory Comput."}
@string{TCS = "Theoretical Comput. Sci."}
