@Proceedings{Kal97,
  editor =       "Kaliski, Jr., B. S.",
  title =        "Advances in Cryptology --- CRYPTO '97",
  series =       SLNCS,
  year =         "1997",
  volume =       "1294",
  publisher =    "Springer",
  address =      "Berlin",
}

@Proceedings{GuSe94,
  editor =       "Gulliver, T. A. and Secord, N. P.",
  title =        "Information Theory and Applications Proc.\ Third Canadian
                  Workshop Rockland, Ontario, Canada May 30 - June 2, 1993",
  series =       SLNCS,
  year =         "1994",
  volume =       "793",
  publisher =    "Springer-Verlag",
  address =      "Berlin Heidelberg",
}
