%%%%%%%%%%%%%%%%%
%%%           %%%
%%% CROSSREFS %%%
%%%           %%%
%%%%%%%%%%%%%%%%%
% must use in conjunction with file strings.bib
% ( \bibliography{strings,...,....,crossrefs} )
@Proceedings{EUROSAM84,
  title =        "{EUROSAM} 84 Internat. Symp. Symbolic Algebraic
                 Comput. Proc.",
  editor =       "J. Fitch",
  series =       SLNCS,
  year =         "1984",
  publisher =    SpringerVerl,
  address =      Springeraddr,
}

@Proceedings{EUROCAL85,
  title =        "{EUROCAL} 85 European Conf. Comput. Algebra Proc. Vol.
                 2",
  editor =       "B. F. Caviness",
  series =       SLNCS,
  year =         "1985",
  publisher =    SpringerVerl,
  address =      Springeraddr,
}

@Proceedings{SYMSAC86,
  title =        "Proc. 1986 Symp. Symbolic Algebraic Comput. Symsac
                 '86",
  editor =       "B. W. Char",
  publisher =    "ACM",
  year =         "1986",
  address =      "New York, N. Y.",
}

@Proceedings{ISSAC91,
  title =        ProcISSAC91,
  editor =       "S. M. Watt",
  publisher =    "ACM Press",
  year =         "1991",
  address =      "New York, N. Y.",
}

@Proceedings{ISSAC92,
  title =        ProcISSAC92,
  editor =       "P. S. Wang",
  publisher =    "ACM Press",
  year =         "1992",
  address =      "New York, N. Y.",
}

@Proceedings{ISSAC94,
  title =        ProcISSAC94,
  key =          "ISSAC'94",
  publisher =    "ACM Press",
  year =         "1994",
  address =      "New York, N. Y.",
}

@Proceedings{PASCO94,
  title =        "First " # PASCO # " '94",
  editor =       "H. Hong",
  publisher =    "World Scientific Publishing Co.",
  address =      "Singapore",
  year =         "1994",
}

@Proceedings{ISSAC95,
  title =        ProcISSAC95,
  editor =       "A. H. M. Levelt",
  publisher =    "ACM Press",
  year =         "1995",
  address =      "New York, N.~Y.",
}

@Proceedings{ISSAC96,
  title =        ProcISSAC96,
  editor =       Lakshman,
  publisher =    "ACM Press",
  year =         "1996",
  address =      "New York, N. Y.",
}

@Proceedings{ISSAC97,
  title =        ProcISSAC97,
  editor =       Kuechlin,
  publisher =    "ACM Press",
  year =         "1997",
  address =      "New York, N. Y.",
  isbn =         "0-89791-875-4",
}

@Proceedings{PASCO97,
  title =        "Second " # PASCO # " '97",
  editor =       "M. Hitz and E. Kaltofen",
  publisher =    "ACM Press",
  address =      "New York, N. Y.",
  year =         "1997",
  isbn =         "0-89791-951-3",
}

@Proceedings{ISSAC98,
  title =        ProcISSAC98,
  editor =       "O. Gloor",
  publisher =    "ACM Press",
  year =         "1998",
  address =      "New York, N. Y.",
  isbn =         "1-58113-002-3",
}

@Proceedings{ISSAC99,
  title =        ProcISSAC99,
  editor =       "S. Dooley",
  publisher =    "ACM Press",
  year =         "1999",
  address =      "New York, N. Y.",
  isbn =         "1-58113-073-2",
}

@Proceedings{ISSAC00,
  title =        ProcISSAC00,
  editor =       "C. Traverso",
  publisher =    "ACM Press",
  year =         "2000",
  address =      "New York, N. Y.",
  isbn =         "1-58113-218-2",
}

@Proceedings{ISSAC01,
  title =        ProcISSAC01,
  editor =       "B. Mourrain",
  publisher =    "ACM Press",
  year =         "2001",
  address =      "New York, N. Y.",
  isbn =         "1-58113-417-7",
}

@Proceedings{ISSAC02,
  title =        ProcISSAC02,
  editor =       "T. Mora",
  publisher =    "ACM Press",
  year =         "2002",
  address =      "New York, N. Y.",
  isbn =         "1-58113-484-3",
}

@Proceedings{ISSAC03,
  title =        ProcISSAC03,
  editor =       "J. R. Sendra",
  publisher =    "ACM Press",
  year =         "2003",
  address =      "New York, N. Y.",
  isbn =         "1-58113-641-2",
}

@Proceedings{ISSAC04,
  title =        ProcISSAC04,
  editor =       "J. Gutierrez",
  publisher =    "ACM Press",
  year =         "2004",
  address =      "New York, N. Y.",
  isbn =         "1-58113-827-X",
}
