% File: new.bib
%
% must use in conjunction with file strings.bib
% ( \bibliography{strings,kaltofen,...} )

@InProceedings{KaLo96:issac,
  title = "On rank properties of {Toeplitz} matrices over finite fields",
  author =       "E. Kaltofen and A. Lobo",
  booktitle =    ProcISSAC96,
  crossref =     "ISSAC96",
  pages =        "241--249",
}

@InProceedings{Giesbrecht:1995:FCS,
  author =       "Mark W. Giesbrecht",
  title =        "Fast Computation of the {Smith Normal Form} of an
                 Integer Matrix",
  editor =       "A. H. M. Levelt",
  booktitle =    procISSAC95,
  crossref =     "ISSAC95",
  pages =        "110--118",
  year = 	 "1995",

  bibdate =      "Thu Mar 12 08:42:30 MST 1998",
  url =          "http://www.acm.org:80/pubs/citations/proceedings/issac/220346/p110-giesbrecht/",
  abstract =     "We present two new probabilistic algorithms for
                 computing the Smith normal form of an $A$ in $(Z^m*n)$.
                 The first requires an expected number of
                 $O(m^2n.M(m\log{}//A//))$ bit operations (ignoring
                 logarithmic factors) and is of the Las Vegas
                 type/vol/ahml/issac95/eind/Giesbrecht; that is, it
                 never produces an incorrect answer. Here
                 $//A//=max_{ij}/\bmod{}A_{ij} mod$ and $h/l(l)$ bit
                 operations are sufficient to multiply two I-bit
                 integers ($M(1) 12$ using standard arithmetic). This
                 improves on the previously best known (deterministic)
                 algorithm of Hafner and McCurley, which requires about
                 $O(m^3n \log{}//A//. M(m \log{}//A//))$ bit operations.
                 We also present an even faster, more space efficient
                 algorithm which requires an expected number of
                 $O((m^3n\log{}//A//+m^3\log^2//A//).\log(1/\epsilon))$
                 bit operations using standard integer arithmetic. This
                 algorithm is of the Monte Carlo type: it returns the
                 correct result with probability at least $1- \epsilon$
                 for a user specified tolerance $\epsilon >0$. This
                 algorithm also requires only $O(nm \log{}//A//)$ bits
                 of storage, versus $O(nm^2 \log{}//A//)$ bits required
                 by other known algorithms.",
  acknowledgement = ack-nhfb,
  affiliation =  "Dept. of Comput. Sci., Manitoba Univ., Winnipeg, Man.,
                 Canada",
  classification = "B0290H (Linear algebra); C4140 (Linear algebra);
                 C7310 (Mathematics computing)",
  keywords =     "algebraic computation; algorithms; Integer matrix;
                 Monte Carlo type, ISSAC; Smith normal form; symbolic
                 computation; theory; verification",
  subject =      "{\bf F.2.1} Theory of Computation, ANALYSIS OF
                 ALGORITHMS AND PROBLEM COMPLEXITY, Numerical Algorithms
                 and Problems, Computations on matrices. {\bf G.3}
                 Mathematics of Computing, PROBABILITY AND STATISTICS,
                 Probabilistic algorithms (including Monte Carlo).",
  thesaurus =    "Matrix algebra; Symbol manipulation",
}
#publisher =    "ACM Press",
#ISBN =         "0-89791-699-9",
#address =      "New York, NY 10036, USA",


@Article{Ka95:mathcomp,
  author =       "E. Kaltofen",
  title =        "Analysis of {Coppersmith}'s block {Wiedemann}
                 algorithm for the parallel solution of sparse linear
                 systems",
  journal =      MathComp,
  year =         "1995",
  volume =       "64",
  number =       "210",
  pages =        "777--806",
  url =          {<a href = "95/Ka95:mathcomp.ps.gz">BASE/95/Ka95:mathcomp.ps.gz</a>},
}

@TechReport{WS04w,
 author = "Wachs and J. Shareshian", 
 title = "Torsion in the Matching Complex and Chessboard Complex", 
  type =         "Preprint",
  year = 2004,
}

@ARTICLE{J99w,
 author = "J. Jonsson",
 title = "On the Topology of Simplicial Complexes Related to 3-connected
and Hamiltonian Graphs", 
 journal = "Journal of Combinatorial Theory", 
 series = "Series A", 
 year = "to appear",
}

@Article{bblsw99w,
author="Babson, Eric and  Bj{\"o}erner, Anders and  Linusson, Svante and  Shareshian, John and  Welker, Volkmar",
title="{Complexes of not $i$-connected graphs.}",
journal="Topology ",
volume=38,
number=2,
pages={271--299},
year=1999,
language="English",
abstract="{Review in preparation}",
classmath="{*05C99 Graph theory 57M99 Low-dimensional topology}",
}
%        note = {MSRI-Preprint $\sharp$1997=054 (1996)}

@TechReport{LSW04w,
 author = "S. Linusson and J.Shareshian and V.Welker", 
 title = "Complexes of graphs with bounded matchings size", 
  type =         "Preprint",
  year = 2004,
}

@TechReport{V04w,
 author = "Rafael Villarroel-Flores", 
 title = "Group orders that imply existence of nontrivial normal p-subgoups", 
 institution = "Unidad Cuernavaca",
  type =         "Preprint",
  year = 2004,
}

@ARTICLE{Iliopoulos89,
AUTHOR = "C. Iliopoulos",
TITLE = "Worst-case Complexity Bounds on Algorithms for Computing the Canonical Structure of Finite Abelian Groups of the Hermite and Smith Normal Forms of an Integer matrix",
JOURNAL = "SIAM J. Comput.",
VOLUME = "Vol. 18, No.4", 
PAGES = {658 - 669},
YEAR = 1989}

@ARTICLE{Hafner91,
AUTHOR = "J. Hafner and K. Mccurley",
TITLE = "Asymptotically fast triangularization of matrices over rings",
JOURNAL = "SIAM J. Comput.",
PAGES = "1068 - 1083",
YEAR = 1991}

@ARTICLE{Pan88,
AUTHPR="V. Pan",
TITLE = "Computing the determinant and the characteristic polynomial of a
matrix via solving linear systems of equations",
JOURNAL = "Information Processing Letters",
VOLUME = "28(2)",
PAGES = "71-75",
YEAR = 1988}
 
@ARTICLE{Keller-Gehrig85,
title =        "Fast algorithms for the characteristic polynomial",
author =       "W. Keller-Gehrig",
pages =        "309--317",
journal =      "Theoretical computer science",
year =         1985,
volume =       36,
}

@TECHREPORT{Kaltofen03,
AUTHOR="E. Kaltofen and G. Villard",
TITLE ="On the complexity of computing determinants",
INSTITUTION="Research Report 36, LIP (Laboratoire de l'Informatique du Parall\'{e}lisme), ENSL (Ecole Normale Sup\'{e}rieure de Lyon), France, Paper submitted",
YEAR = 2003,
MONTH = "October"}
@book{Newman72,
AUTHOR = "M. Newman",
TITLE = "Integral Matrices",
PUBLISHER ={Academic Press},
YEAR = "1972" }

@ARTICLE{Eberly00,
AUTHOR = "W. Eberly and M. Giesbrecht and G. Villard",
TITLE = "41st IEEE Annual Symposium on Foundations of Computer Science",
JOURNAL = "FOCS'2000",
YEAR = 2000}

@ARTICLE{Dixon82,
AUTHOR="J.D.Dixon",
TITLE="Exact solution of linear equations using $p$-adic expansion",
JOURNAL="Numer. Math.",
PAGES="137-141",
YEAR=1982}

@inproceedings{DBLP:conf/miccai/ShattuckL00,
  author    = {David W. Shattuck and Richard M. Leahy},
  title     = {BrainSuite: An Automated Cortical Surface Identification Tool.},
  booktitle = {MICCAI},
  year      = {2000},
  pages     = {50-61},
  crossref  = {conf/miccai/2000},
  bibsource = {DBLP, http://dblp.uni-trier.de}
}

@Article{ADS96,
  author =       "J. Abbott and " # Diaz # " and R. S. Sutor",
  title =        "A report on {OpenMath} a protocol for the exchange of
                 mathematical information",
  journal =      SIGSAMbull,
  year =         "1996",
  volume =       "30",
  number =       "1",
  publisher =    "ACM Press",
  address =      "New York, New York",
  pages =        "21--24",
}

@PhdThesis{ALphd,
  author =       "A. Lobo",
  title =        "Matrix-Free Linear System Solving and Applications to
                 Symbolic Computation",
  school =       RPI,
  year =         "1995",
  address =      "Troy, New York",
  month =        dec,
}

@PhdThesis{ADphd,
  author =       Diaz,
  title =        FoxBox # " a System for Manipulating Symbolic Objects
                 in Black Box Representation",
  school =       RPI,
  year =         "1997",
  address =      "Troy, New York",
  month =        may,
}

@Book{comphom04,
  author =       "T. Kaczynski and K. Mischaikow and M. Mrozek",
  title =        "Computational Homology",
  series =       "Aplied Mathematical Sciences",
  volume =       "157",
  publisher =    SpringerVerl,
  address =      Springeraddr,
  year =         "2004",
  isbn = "0-387-40853-3",
}

@Book{STL96,
  author =       "D. R. Musser and A. Saini",
  title =        "{STL} Tutorial and Reference Guide {C}++ Programming
                 with the Standard Template Library",
  publisher =    Addison,
  address =      "Reading, Massachusetts",
  year =         "1996",
}

@Article{MD95,
  author =       "D. Manocha and J. Demmel",
  title =        "Algorithms for intersecting parametric and algebraic
                 curves {II}: multiple intersections",
  journal =      "Computer Vision, Graphics and Image Processing:
                 Graphical Models and Image Processing",
  year =         "1995",
  vol =          "57",
  no =           "2",
  pages =        "81--100",
}

@Unpublished{Odlyzko96,
  author =       "A. Odlyzko",
  title =        "Computer Algebra and its Applications: Where Are We
                 Going?",
  note =         "Paper accompanying a lecture at the Joint Annual
                 Meeting of the German GI and the Austrian
                 Computergesellschaft in Klagenfurt, Austria",
  month =        sep,
  year =         "1996",
}

@TechReport{AJKetal96,
  author =       "A. V. Aho and D. S. Johnson and R. S. Karp and S. R.
                 Kosaraju and C. C. McGeogh and C. H. Papatimitriou and
                 P. Pevzner",
  title =        "Emerging opportunities for theoretical computer
                 science",
  institution =  "Univ. Washington",
  year =         "1996",
  number =       "03-03",
  address =      "Dept. Comput. Sci. Engin.",
  note =         "{URL} {\ttfamily
                 ftp://ftp.cs.washington.edu\allowbreak
                 /tr/1996/03/\allowbreak UW-CSE-96-03-03.PS}.",
}

@InProceedings{GriLak95,
  author =       "D. Yu. Grigoriev and " # Lakshman,
  title =        "Algorithms for computing sparse shifts for
                 multivariate polynomials",
  booktitle =    ProcISSAC95,
  crossref =     "ISSAC95",
  pages =        "96--103",
}

@InProceedings{Soi95,
  author =       "N. Soiffer",
  title =        "Mathematical Typesetting in {{\itshape Mathematica}}",
  booktitle =    ProcISSAC95,
  crossref =     "ISSAC95",
  pages =        "140--149",
}

@Article{GaSh92journal,
  author =       Gathen # " and V. Shoup",
  title =        "Computing {Frobenius} maps and factoring polynomials",
  journal =      "Comput. Complexity",
  year =         "1992",
  volume =       "2",
  pages =        "187--224",
}

@Article{Sh96jsc,
  author =       "V. Shoup",
  title =        "A new polynomial factorization algorithm and its
                 implementation",
  journal =      JSC,
  year =         "1995",
  volume =       "20",
  number =       "4",
  pages =        "363--397",
}

@InProceedings{GaGe96,
  author =       Gathen # " and J. Gerhard",
  title =        "Arithmetic and Factorization over {${\mathbb F}_2$}",
  booktitle =    ProcISSAC96,
  crossref =     "ISSAC96",
  pages =        "1--9",
}

@InProceedings{FuMu96,
  author =       "T. Fujise and H. Murao",
  title =        "Parallel Distinct Degree Factorization Algorithm",
  booktitle =    ProcISSAC96,
  crossref =     "ISSAC96",
  pages =        "18--25",
}

@Article{Co94,
  author =       "D. Coppersmith",
  title =        "Solving homogeneous linear equations over {GF(2)} via
                 block {Wiedemann} algorithm",
  journal =      "Math. Comput.",
  year =         "1994",
  volume =       "62",
  number =       "205",
  pages =        "333--350",
  note =         "",
}

@Article{Co93,
  author =       "D. Coppersmith",
  title =        "Solving linear systems over {GF(2)}: block {Lanczos}
                 algorithm",
  journal =      "Lin. Algebra Applic.",
  year =         "1993",
  volume =       "192",
  pages =        "33--60",
}

@InProceedings{Mont95,
  author =       "P. L. Montgomery",
  title =        "A block {Lanczos} algorithm for finding dependencies
                 over {GF(2)}",
  booktitle =    "Proc. Eurocrypt 1995",
  series =       SLNCS,
  publisher =    SpringerVerl,
  address =      Springeraddr,
  volume =       "921",
  pages =        "106--120",
  year =         "1995",
}

@Article{Wie86,
  author =       "D. Wiedemann",
  title =        "Solving sparse linear equations over finite fields",
  journal =      "IEEE Trans. Inf. Theory",
  year =         "1986",
  volume =       "{\sc it}-32",
  pages =        "54--62",
}

@InProceedings{LaMOdl91,
  author =       "B. A. LaMacchia and A. M. Odlyzko",
  editor =       "A. J. Menezes and S. Vanstone",
  title =        "Solving large sparse linear systems over finite
                 fields",
  booktitle =    "Advances in Cryptology: CRYPTO '90",
  pages =        "109--133",
  publisher =    SpringerVerl,
  address =      Springeraddr,
  year =         "1991",
  volume =       "537",
  series =       "Lect. Notes Comput. Sci.",
}

@InProceedings{Vil97,
  author =       "G. Villard",
  title =        "Further analysis of {Coppersmith's} block {Wiedemann}
                 algorithm for the solution of sparse linear systems",
  booktitle = ProcISSAC97,
  crossref = "ISSAC97",
  pages = "32--39",
}

@TechReport{Vil97:TR,
  author =       "G. Villard",
  title =        "A study of {Coppersmith's} block {Wiedemann}
                 algorithm using matrix polynomials",
  type = "Rapport de Recherche",
  institution =  IMAG,
  address = "\url{www.imag.fr}",
  year = 1997,
  month = apr,
  number = "975-I-M",
}

@Article{Vil98,
  author =       "G. Villard",
  title =        "Block solution of sparse linear systems over
                 {$\text{GF}(q)$}: the singular case",
  journal =      "SIGSAM Bulletin",
  year =         "1998",
  volume =       "32",
  number =       "4",
  pages =        "10--12",
}

@Article{PaTr85,
  author =       "L. Pasquini and D. Trigiante",
  title =        "A globally convergent method for simultaneously
                 finding polynomial roots",
  journal =      MathComp,
  year =         "1985",
  volume =       "44",
  pages =        "135--149",
}

@TechReport{Tref97,
  author =       "L. N. Trefethen",
  title =        "Pseudospectra bibliography",
  institution =  "Cornell University",
  address =      "Dept. Comput. Sci",
  year =         "1997",
  type =         "Link on WEB document {{\ttfamily http://\allowbreak
                 www.\allowbreak cs.\allowbreak cornell.\allowbreak
                 edu/\allowbreak Info/\allowbreak People/\allowbreak
                 lnt/\allowbreak lnt.html}}",
}

@Article{Hi96,
  author =       "M. A. Hitz",
  title =        "Porting computer algebra algorithms to numerical
                 computing -- the difficult case",
  journal =      SIGSAMbull,
  year =         "1996",
  volume =       "30",
  number =       "1",
  publisher =    "ACM Press",
  address =      "New York, New York",
  pages =        "44--45",
  note =         "Abstract of poster presentation given at the 1996 East
                 Coast Computer Algebra Day at Yorktown Heights, N. Y.,
                 April 13, 1996.",
}

@Article{Cor96,
  author =       "R. M. Corless",
  title =        "Editor's Corner: Cofactor Iteration",
  journal =      SIGSAMbull,
  year =         "1996",
  volume =       "30",
  number =       "1",
  publisher =    "ACM Press",
  address =      "New York, New York",
  pages =        "34--38",
}

@InProceedings{DGP02,
  author =       {J-G. Dumas and T. Gautier and C. Pernet},
  title =        {Finite Field Linear Algebra Subroutines},
  booktitle =    {ProcISSAC02},
  crossref =     {ISSAC02},
  year =         "2002",
  pages =        {63--74},
}

@Misc{dgl,
  author =       "J. W. Demmel and J. R. Gilbert and X. S. Li",
  title =        "SuperLU User's Guide",
  howpublished = "\url{http://www.nersc.gov/~xiaoye/SuperLU/}",
  year = "1999",
}

@Article{degll99,
  author =       "J. W. Demmel and S. C. Eisenstat and J. R. Gilbert and X. S. Li and J. W. H. Liu",
  title =        "A Supernodal Approach To Sparse Partial Pivoting",
  journal =      "SIAM J. MATRIX ANAL. APPL.",
  year =         "1999",
  volume =       "20",
  number =  	 "3",
  pages =        "720--755",
}

@Article{Dem87,
  author =       "J. W. Demmel",
  title =        "On condition numbers and the distance to the nearest
                 ill-posed problem",
  journal =      "Numer. Math.",
  year =         "1987",
  volume =       "51",
  pages =        "251--289",
}

@Article{Dem92,
  author =       "J. W. Demmel",
  title =        "The componentwise distance to the nearest singular
                 matrix",
  journal =      "SIAM J. Matrix Anal. Appl.",
  year =         "1992",
  volume =       "13",
  number =       "1",
  pages =        "10--19",
}

@InProceedings{Stet96,
  author =       "H. J. Stetter",
  title =        "Analysis of Zero Clusters in Multivariate Polynomial
                 Systems",
  booktitle =    ProcISSAC96,
  crossref =     "ISSAC96",
  pages =        "127--136",
}

@InProceedings{KaLa96,
  author =       "N. Karmarkar and " # Lakshman,
  title =        "Approximate Polynomial Greatest Common Divisors and
                 Nearest Singular Polynomials",
  booktitle =    ProcISSAC96,
  crossref =     "ISSAC96",
  pages =        "35--42",
}

@Article{KaLa98,
  author =       "Karmarkar, N. K. and " # Lakshman,
  title =        "On Approximate {GCD}s of Univariate Polynomials",
  journal =      JSC,
  volume =       "26",
  number =       "6",
  pages =        "653--666",
  year =         "1998",
  note =         "Special issue on Symbolic Numeric Algebra for Polynomials
                  S. M. Watt and H. J. Stetter, editors.",
}

@Article{ZWu98,
  author =       "Lihong Zhi and Wenda Wu",
  title =        "Nearest singular polynomial",
  journal =      JSC,
  volume =       "26",
  number =       "6",
  pages =        "667--675",
  year =         "1998",
  note =         "Special issue on Symbolic Numeric Algebra for Polynomials
                  S. M. Watt and H. J. Stetter, editors.",
}

@Misc{ZNKW99,
  author =  "Lihong Zhi and Matu-Tarow Noda and Hiroshi Kai and Wenda Wu",
  title = "Hybrid Method for Computing  the Nearest Singular Polynomials",
  howpublished = "Manuscript",
  year = "1999",
}

@Article{GSST98,
  author =       "Gianni, P. and " # Seppaelae # " and Silhol, R. and
                  Trager, B.",
  title =        "{Riemann} Surfaces, Plane Algebraic Curves and Their
                  Period Matrices",
  journal =      JSC,
  volume =       "26",
  number =       "6",
  pages =        "789--803",
  year =         "1998",
  note =         "Special issue on Symbolic Numeric Algebra for Polynomials
                  S. M. Watt and H. J. Stetter, editors.",
}

@Article{MAD89,
  author =       "R. J. Minnichelli and J. J. Anagnost and C. A.
                 Desoer",
  title =        "An elementary proof of {Kharitonov's} stability
                 theorem with extensions",
  journal =      "IEEE Trans. Automatic Control",
  volume =       "34",
  number =       "9",
  pages =        "995--998",
  year =         "1989",
}

@InProceedings{Tempo89,
  author =       "R. Tempo",
  title =        "A simple test for {Schur} stability of a diamond of
                 complex polynomials",
  booktitle =    "Proc. 28th Conf. Decision Control",
  year =         "1989",
  pages =        "1892--1895",
  publisher =    "IEEE",
}

@Article{FoSo89,
  author =       "Y. K. Foo and Y. C. Soh",
  title =        "Root clustering of interval polynomials in the
                 left-sector",
  journal =      "Systems \& Control Lett.",
  volume =       "13",
  pages =        "239--245",
  year =         "1989",
}

@InProceedings{HAW93,
  author =       "H. Hong and A. Neubacher and W. Schreiner",
  title =        "The Design of the {SACLIB/PACLIB} Kernels",
  booktitle =    "Design and Implementation of Symbolic Computation
                 Systems",
  editor =       "A. Miola",
  series =       SLNCS,
  publisher =    SpringerVerl,
  address =      Springeraddr,
  volume =       "722",
  pages =        "288--302",
  year =         "1995",
}

@Book{gantmacher,
  author =       "F. R. Gantmacher",
  title =        "The Theory of Matrices",
  publisher =    "Chelsea",
  year =         "1959",
  address =      "New York, NY",
}

@Book{GnuMP93,
  author =       "T. Granlund",
  title =        "The {GNU} Multiple Precision Arithmetic Library",
  publisher =    "Free Software Foundation",
  year =         "1993",
  address =      "Cambridge, MA",
}

@TechReport{Sh97,
  author =       "V. Shoup",
  title =        "{NTL}: {A} Library for doing Number Theory",
  institution =  "Univ. Wisconsin",
  address =      "Dept. Comput. Sci",
  year =         "1998",
  type =         "Link on WEB document {\ttfamily http://\allowbreak
                 www.\allowbreak cs.\allowbreak wisc.\allowbreak
                 edu/\allowbreak\~{}shoup/}",
}

@TechReport{Sh98,
  author =       "V. Shoup",
  title =        "{NTL}: {A} Library for doing Number Theory (version 3.1b)",
  institution =  "Univ. Wisconsin",
  address =      "Dept. Comput. Sci",
  year =         "1998",
  type =         "Link on WEB document {\ttfamily http://\allowbreak
                 www.\allowbreak cs.\allowbreak wisc.\allowbreak
                 edu/\allowbreak\~{}shoup/}",
}

@Misc{Saclib21,
  author =       "Collins, G.",
  title =        "Saclib2.1",
  howpublished = "\url{http://www.cis.udel.edu/~saclib/update.html}",
  month =        sep,
  year =         "1998",
}

@TechReport{Stor96,
  author =       "A. Storjohann",
  title =        "Faster algorithms for integer lattice reduction",
  institution =  ETHzurich,
  year =         "1996",
  number =       "249",
  address =      "Dept. Informatik",
}

@Article{KKM79,
  author =       "T. Kailath and S.-Y. Kung and M. Morf",
  title =        "Displacement ranks of matrices and linear equations",
  journal =      "J. Math. Analysis Applications",
  year =         "1979",
  volume =       "68",
  pages =        "395--407",
}

@Article{BeLa94,
  author =       "B. Beckermann and G. Labahn",
  title =        "A uniform approach for fast computation of matrix-type
                 {Pad\'e} approximants",
  journal =      "SIAM J. Matrix Anal. Appl.",
  volume =       "15",
  number =       "3",
  year =         "1994",
  month =        jul,
  pages =        "804--823",
}

@Article{GaGi90,
  author =       Gathen # " and M. Giesbrecht",
  title =        "Constructing normal bases in finite fields",
  journal =      JSC,
  year =         "1990",
  volume =       "10",
  number =       "6",
  pages =        "547--570",
}

@PhdThesis{Lamb96,
  author =       "R. Lambert",
  title =        "Computational Aspects of Discrete Logarithms",
  school =       "University of Waterloo",
  year =         "1996",
}

@Misc{teit96,
  author =       "J. Teitelbaum",
  title =        "{Euclid}'s Algorithm and the {Lanczos} Method over
                 Finite Fields",
  note =         "Manuscript",
  month =        jan,
  year =         "1996",
  howpublished = "See \url{http://math.uic.edu/~jeremy/}",
}

@Article{Zi90,
  author =       "R. Zippel",
  title =        "Interpolating polynomials from their values",
  journal =      JSC,
  year =         "1990",
  volume =       "9",
  number =       "3",
  pages =        "375--403",
}

@PhdThesis{MSphd,
  author =       "M. Samadani",
  title =        "Prediction-Based Task Scheduling in Distributed
                 Computing",
  school =       RPI,
  year =         "1997",
  address =      "Troy, New York",
  note =         "Under review.",
}

@InCollection{Stra90,
  author =       "V. Strassen",
  editor =       "J. van Leeuwen",
  title =        "Algebraic complexity theory",
  booktitle =    "Handbook of Theoretical Computer Science, Algorithms
                 and Complexity",
  volume =       "A",
  pages =        "633--672",
  publisher =    "Elsevier Science Publ.",
  year =         "1990",
  address =      "Amsterdam",
}

@InProceedings{ArSu97,
  author =       "S. Arora and M. Sudan",
  title =        "Improved Low Degree Testing and its Applications",
  booktitle =    "Proc. 29th " # STOC,
  year =         "1997",
  publisher =    "ACM Press",
  address =      "New York, N.Y.",
  note =         "In press.",
}

@Article{Ker66,
  author =       "I. O. Kerner",
  title =        "{Ein Gesammtschrittverfahren zur Berechnung der
                 Nullstellen von Polynomen}",
  journal =      "Numer. Math.",
  volume =       "8",
  year =         "1966",
  pages =        "290--294",
}

@Book{Dur68,
  author =       "E. Durand",
  title =        "{Solution Num\'erique des Equations Alg\'ebriques}",
  volume =       "I",
  publisher =    "Masson",
  address =      "Paris",
  year =         "1968",
}

@TechReport{Zi96,
  author =       "R. E. Zippel",
  title =        "MathBus",
  institution =  "Cornell Univ.",
  address =      "Dept. Comput. Sci",
  year =         "1996",
  type =         "{URL {\ttfamily ftp://\allowbreak ftp.\allowbreak
                 cs.\allowbreak cornell.\allowbreak edu/\allowbreak
                 pub/\allowbreak rz/\allowbreak MathBus/}}",
}

@TechReport{Ba79,
  author =       "L. Babai",
  title =        "{Monte-Carlo} algorithms in graph isomorphism testing",
  institution =  "Univ. de Montr\'eal",
  address =      "D\'ep. de math\'ematiques et de statistique",
  type =         "Rapport de recherches",
  number =       "79-10",
  year =         "1979",
}

@Article{Sto63,
  author =       "J. J. Stone",
  title =        "Multiple-Burst Error Correction with the Chinese
                 Remainder Theorem",
  journal =      "J. Soc. Indust. Appl. Math.",
  volume =       "11",
  number =       "1",
  year =         "1963",
}

@Article{BoMoe74,
  author =       "A. Borodin and R. Moenck",
  title =        "Fast modular transforms",
  journal =      JCSS,
  volume =       "8",
  year =         "1974",
  pages =        "366--386",
}

@InProceedings{HuPa97,
  author =       "X. Huang and V. Pan",
  title =        "Fast Rectangular Matrix Multiplications and Improving
                 Parallel Matrix Computations",
  booktitle =    "Proc. Second " # PASCO # " '97",
  crossref =     "PASCO97",
  pages =        "11--23",
}

@misc{Hu97,
  author =       "X. Huang",
  howpublished = "Private communication",
  month =        apr,
  year =         1997,
}

@book{SGV94,
  author =      Schoenhage # " and Grotefeld, A. F. W. and
                Vetter, E",
  title =       "Fast algorithms a multitape {Turing} machine
                 implementation",
  publisher =   "Bibliographisches Institut",
  address =     "Mannheim, Germany",
  year =        1994,
}

@book{Wi64,
  author =      "J. H. Wilkinson",
  title =       "Rounding errors in algebraic processes",
  publisher =   "Prentice-Hall, Inc.",
  address =     "Englewood Cliffs, New Jersey",
  year = 1964,
}

@article{PoRo93,
  author =     "S. Poljak and J. Rohn",
  title =      "Checking robust nonsingularity is {NP}-hard",
  journal =    "Math. Control Signals Systems",
  volume =     "6",
  pages =      "1--9",
  year =       "1993",
}

@book{Dem97,
  author =      "J. J. W. Demmel",
  title =       "Applied Numerical Linear Algebra",
  publisher =   "{SIAM} Publications",
  address =     "Philadelphia",
  year =        1997,
}

@book{Green97,
  author =      "A. Greenbaum",
  title =       "Iterative Methods for Solving Linear Systems",
  publisher =   "{SIAM} Publications",
  address =     "Philadelphia",
  year =        1997,
}

@book{TB97,
  author =      "L. N. Trefethen and D. {Bau III}",
  title =       "Numerical Linear Algebra",
  publisher =   "{SIAM} Publications",
  address =     "Philadelphia",
  year =        1997,
}

@Article{FS96,
  author =       "G. Fiorentino and S. Serra",
  title =        "Multigrid methods for symmetric positive definite block
                 Toeplitz matrices with nonnegative generating functions",
  journal =      "SIAM J. Sci. Comput.",
  year =         "1996",
  volume =       "17",
  pages =        "1068--1081",
}

@TechReport{BBP95,
  author =       "D. Bailey and P. Borwein and S. Plouffe",
  title =        "On The Rapid Computation of Various Polylogarithmic
                  Constants",
  institution =  "Centre for Experimental and Constructive Mathematics,
                  Simon Fraser University",
  year =         "1995",
  type =         "Preprint",
  number =       "95:056",
  address =      "\url{http://mosaic.cecm.sfu.ca/preprints/1995pp.html}",
}

@Article{BBP97,
  author =       "D. Bailey and P. Borwein and S. Plouffe",
  title =        "On The Rapid Computation of Various Polylogarithmic
                  Constants",
  journal =      MathComp,
  year =         "1997",
  volume =       "66",
  number =       "218",
  pages =        "903--913",
}


@TechReport{FB96,
  author =       "H. R. P. Ferguson and D. H. Bailey",
  title =        "Analysis of {PSLQ}, An Integer Relation Finding Algorithm",
  institution =  "NASA Ames Research Center",
  number =       "NAS-96-005",
  year =         "1996",
}

@Book{BaSh96,
  author =       "E. Bach and J. Shallit",
  title =        "Algorithmic Number Theory Volume 1: Efficient Algorithms",
  publisher =    "The {MIT} Press",
  year =         "1996",
  address =      "Cambridge, Massachusetts, USA",
}

@Article{Ren87:complexity,
  author =       "J. Renegar",
  title =        "On the worst case arithmetic complexity of
                 approximating zeros of polynomials",
  journal =      "J. Complexity",
  year =         "1987",
  volume =       "3",
  number =       "2",
  pages =        "90--113",
}

@Book{GCL92,
  author =       "K. O. Geddes and S. R. Czapor and G. Labahn",
  title =        "Algorithms for Computer Algebra",
  publisher =    "Kluwer Academic Publ.",
  year =         "1992",
  address =      "Boston, Massachusetts, USA",
}

@Book{BCS97,
  author =       Buergisser # " and M. Clausen and M. A. Shokrollahi",
  title =        "Algebraic Complexity Theory",
  publisher =    SpringerVerl,
  year =         "1997",
  address =      Springeraddr,
}

@InCollection{BoHi89,
  author =       "R. B. Boppana and R. Hirschfeld",
  editor =       "S. Micali",
  title =        "Pseudorandom generators and complexity classes",
  booktitle =    "Randomness and Computation",
  pages =        "1--26",
  publisher =    "JAI Press Inc.",
  year =         "1989",
  volume =       "5",
  series =       "Advances in Computing Research",
  address =      "Greenwhich, Connecticut",
}

@Book{Kn97:vol2,
  author =       "D. E. Knuth",
  edition =      "{Third}",
  title =        "Seminumerical Algorithms",
  publisher =    "Addison Wesley",
  year =         "1997",
  volume =       "2",
  series =       "The Art of Computer Programming",
  address =      "Reading, Massachusetts, USA",
}

@InProceedings{Gies97,
  author =       "M. Giesbrecht",
  title =        "Efficient Parallel Solutions of Sparse
                  Systems of Linear Diophantine Equations",
  booktitle =    "Proc. Second " # PASCO # " '97",
  crossref  =    "PASCO97",
  pages =        "1--10",
}

@InProceedings{ChCo98,title =
 
"Optimization Strategies for the Approximate {GCD} Problem",
 
  author =       "Chin, P. and Corless, R. M.",
  booktitle =    ProcISSAC98,
  crossref =     "ISSAC98",
  year =         1998,
  pages =        "228--235",
}


@Book{GoLo96,
  author =       "G. H. Golub and C. F. {Van Loan}",
  edition =      "Third",
  title =        "Matrix Computations",
  publisher =    "Johns Hopkins University Press",
  year =         "1996",
  address =      "Baltimore, Maryland",
}

@Article{Kah66,
  author =       "W. Kahan",
  title =        "Numerical Linear Algebra",
  journal =      "Canadian Math. Bull.",
  volume =       "9",
  pages =        "757--801",
  year =         "1966",
}

@InProceedings{GGH97:latt,
  author =       "O. Goldreich and S. Goldwasser and S. Halevi",
  title =        "Public-key crpytosystems from lattice reduction
                 problems",
  booktitle =    "Advances in Cryptology --- CRYPTO '97",
  crossref =     "Kal97",
  pages =        "112--131",
}

@InProceedings{GGH97:ajtai,
  author =       "O. Goldreich and S. Goldwasser and S. Halevi",
  title =        "Eliminating decryption errors in {Ajtai}-{Dwork}
                 cryptosystems",
  booktitle =    "Advances in Cryptology --- CRYPTO '97",
  crossref =     "Kal97",
  pages =        "103--111",
}

@InProceedings{AtDw97,
  author =       "M. Ajtai and C. Dwork",
  title =        "A public-key cryptosystem with worst-case/average
                 case equivalence",
  booktitle =    "Proc. 29nd " # STOC,
  pages =        "284--293",
  year =         "1997",
  publisher =    "ACM Press",
  address =      "New York, N.Y.",
}

@Article{LLL82,
  author =       "A. K. Lenstra and " # LenstraHW # " and " # Lovasz,
  title =        "Factoring polynomials with rational coefficients",
  journal =      "Math. Ann.",
  year =         "1982",
  volume =       "261",
  pages =        "515--534",
}

@Article{HJLS89,
  author =       Hastad # " and B. Just and J. C. Lagarias and C. P.
                 Schnorr",
  title =        "Polynomial time algorithms for finding integer
                 relations among real numbers",
  journal =      "SIAM J. Comput.",
  year =         "1989",
  volume =       "18",
  number =       "5",
  pages =        "859--881",
}

@Article{Enc97:ipl,
  author =       Encarnacion,
  title =        "Black-box polynomial resultants",
  journal =      IPL,
  volume =       "61",
  pages =        "201--204",
  year =         "1997",
}

@Article{Bab86,
  author =       "L. Babai",
  title =        "On {Lov\'asz} lattice reduction and the nearest lattice
                 point problem",
  journal =      "Combinatorica",
  year =         "1986",
  volume =       "6",
  pages =        "1--13",
}

@Book{Ant79,
  author =       "A. Antoniou",
  title =        "Digital Filters: Analysis and Design",
  publisher =    "McGraw-Hill Book Co.",
  address =      "New York",
  year =         "1979",
}

@InCollection{Fi72,
  author =       "C. M. Fiduccia",
  editor =       "R. E. Miller and J. W. Thatcher",
  title =        "On obtaining upper bounds on the complexity of matrix
                 multiplication",
  booktitle =    "Complexity of Computer Computations",
  pages =        "31--40",
  publisher =    "Plenum Press",
  year =         "1972",
  address =      "New York",
}
 
@PhDThesis{Fi73,
  author =       "C. M. Fiduccia",
  title =        "On the Algebraic Complexity of Matrix Multiplication",
  address =      "Center Comput. Inform. Sci., Div. Engin.",
  year =         "1973",
  month =        jun,
  school =       "Brown Univ., Providence, Rhode Island",
}

@Article{KKB88,
  author =       "M. Kaminski and D. G. Kirkpatrick and N. H. Bshouty",
  title =        "Addition requirements for matrix and transposed matrix
                 products",
  journal =      "J. Algorithms",
  year =         "1988",
  volume =       "9",
  pages =        "354--364",
}

@Article{Grie92,
  author =       "A. Griewank",
  title =        "Achieving logarithmic growth of temporal and spatial
                 complexity in reverse automatic differentiation",
  journal =      "Optimization Methods \& Software",
  year =         "1992",
  volume =       "1",
  pages =        "35--54",
}

@Article{Mass69,
  author =       "J. L. Massey",
  title =        "Shift-register synthesis and {BCH} decoding",
  journal =      "IEEE Trans. Inf. Theory",
  year =         "1969",
  volume =       "{\sc it}-15",
  pages =        "122--127",
}

@Article{BGY80,
  author =       "R. P. Brent and F. G. Gustavson and D. Y. Y. Yun",
  title =        "Fast solution of {Toeplitz} systems of equations and
                 computation of {Pad\'e} approximants",
  journal =      "J. Algorithms",
  year =         "1980",
  volume =       "1",
  pages =        "259--295",
}

@InCollection{Loos82,
  author =       "R. Loos",
  editor =       "B. Buchberger and G. Collins and R. Loos",
  title =        "Computing in algebraic extensions",
  booktitle =    "Computer Algebra, 2nd ed.",
  pages =        "173--187",
  publisher =    SpringerVerl,
  year =         "1982",
  address =      "Vienna",
}

@InProceedings{Tr76,
  author =       "B. M. Trager",
  title =        "Algebraic factoring and rational function
                 integration",
  booktitle =    "Proc. 1976 ACM Symp. Symbolic Algebraic Comp.",
  year =         "1976",
  pages =        "219--228",
  publisher =    "ACM",
  address =      "New York",
}

@Article{WeRo76,
  author =       "P. J. Weinberger and L. P. Rothschild",
  title =        "Factoring polynomials over algebraic number fields",
  journal =      "ACM Trans. Math. Software",
  year =         "1976",
  volume =       "2",
  pages =        "335--350",
}

@Article{LenAK87,
  author =       "A. K. Lenstra",
  title =        "Factoring multivariate polynomials over algebraic
                 number fields",
  journal =      "SIAM J. Comp.",
  year =         "1987",
  volume =       "16",
  pages =        "591--598",
}

@Article{Can90,
  author =       "J. Canny",
  title =        "Generalized characteristic polynomials",
  journal =      "J. Symbolic Comput.",
  year =         "1990",
  volume =       "9",
  number =       "3",
  pages =        "241--250",
}

@Unpublished{Bern97,
  author =       "Daniel J. Bernstein",
  title =        "Composing power series over a finite ring in
                 essentially linear time",
  note =         "Manuscript submitted for publication;
                  see {\ttfamily ftp://\allowbreak koobera.\allowbreak
                  math.\allowbreak uic.\allowbreak
                  edu/\allowbreak pub/\allowbreak papers/\allowbreak
                  compose.dvi}.",
  year =         "1997",
  month =        aug,
}

@InProceedings{EmPa97,
  author =       "I. Z. Emiris and V. Y. Pan",
  title =        "The structure of sparse resultant matrices",
  booktitle =    ProcISSAC97,
  crossref =     "ISSAC97",
  pages =        "189--196",
}

@Book{Ga60:vol2,
  author =       "F. R. Gantmacher",
  title =        "The Theory of Matrices",
  volume =       "2",
  publisher =    "Chelsea Publ. Co.",
  year =         "1960",
  address =      "New York, N. Y.",
}

@Book{CaJo98,
   editor =      "B. F. Caviness and J. R. Johnson",
   title =       "Quantifier Elimination and Cylindrical Algebraic
                 Decomposition",
  publisher =    SpringerVerl,
  address =     "Berlin/Heidelberg",
  year =        "1998",
}

@Article{Loos74,
   author =     "Loos, R. G. K.",
   title =      "Toward a formal implementation of computer algebra",
   journal =    SIGSAMBull,
   volume =     "8",
   number =     "3",
   year =       "1974",
   month =      aug,
   pages =      "9--16",
   note =       "Proc. EUROSAM'74",
}

@InProceedings{DGW97,
  title =        "An {OpenMath} 1.0 Implementation",
  author =       "Dalmas, S. and " # Gaetano # " and Watt, S.",
  booktitle =    ProcISSAC97,
  crossref =     "ISSAC97",
  pages =        "241--248",
  note =         "See also {\ttfamily http://\allowbreak
                 \allowbreak naomi.\allowbreak math.\allowbreak ca/}",
}

@Misc{MathML98,
  title =       "Mathematical Markup Language",
  author =      "P. Ion and R. Miner",
  howpublished = "Internet document {\ttfamily http://\allowbreak
                 www.w3.org/\allowbreak TR/WD-math/}",
  year =        "1998",
}

@Article{Mu75,
  author =       "D. R. Musser",
  title =        "Multivariate polynomial factorization",
  journal =      "J. ACM",
  year =         "1975",
  month =        apr,
  volume =       "22",
  number =       "2",
  pages =        "291--308",
}

@Book{JenSu92,
  author =       "R. D. Jenks and R. S. Sutor",
  title =        Axiom # " The Scientific Computing System",
  publisher =    SpringerVerl,
  year =         "1992",
  address =      "New York",
}

@InProceedings{Mon93,
  author =       "M. B. Monagan",
  title =        "{Gauss}: {A} parameterized domain of computation system
                 with support for signature functions",
  editor =       "A. Miola",
  pages =        "81--94",
  booktitle =    "Proc. DISCO '93",
  series =       SLNCS,
  year =         "1993",
  volume =       "722",
  publisher =    SpringerVerl,
  address =      Springeraddr,
}

@InProceedings{IgAt98,
  author =       "Iglio, P. and  Attardi, G.",
  title =       "Software Components for Computer Algebra",
  booktitle =    ProcISSAC98,
  crossref =     "ISSAC98",
  year =         1998,
  pages =        "62--69",
}

@InProceedings{BSG97,
  author =       {Bachmann, O. and Sch\"onemann, H. and Gray, S.},
  title =        "A proposal for syntactic data integration for math protocols",
  booktitle =    "Proc. Second " # PASCO # " '97",
  crossref  =    "PASCO97",
  pages =        "165--175",
}

@Article{Col60,
  author =      "Collins, G. E.",
  title =       "A method for overlapping and erasure of lists",
  journal =     CACM,
  volume =      "3",
  number =      "12",
  pages =       "655--657",
  year =        "1960",
  month =       dec,
}

@Article{Col66,
  author =      "Collins, G. E.",
  title =       "{PM}, a system for polynomial manipulation",
  journal =     CACM,
  volume =      "9",
  number =      "8",
  pages =       "578--589",
  year =        "1966",
  month =       aug,
}

@Article{Risch69,
  author =       "R. H. Risch",
  title =        "The problem of integration in finite terms",
  journal =      "Trans. Amer. Math. Soc.",
  year =         "1969",
  volume =       "139",
  pages =        "167--189",
}

@Article{Ber70,
  author =       "E. R. Berlekamp",
  title =        "Factoring polynomials over large finite fields",
  journal =      "Math. Comp.",
  year =         "1970",
  volume =       "24",
  pages =        "713--735",
}

@Article{AtMo93,
  author =       "Atkin, A. O. L. and Morain, F.",
  title =        "Elliptic curves and primality proving",
  journal =      MathComp,
  volume =       "61",
  number =       "203",
  year =         "1993",
  month =        jul,
  pages =        "29--68",
}

@Book{GaGe99,
  author =       Gathen # " and Gerhard, J.",
  title =        "Modern Computer Algebra",
  publisher =    "Cambridge University Press",
  address =      "Cambridge, New York, Melbourne",
  year =         "1999",
  isbn =         "0 521 64176 4",
}

@Article{Laz81,
  author =       "D. Lazard",
  title =        "Resolution des systemes d'equation algebriques",
  journal =      TCS,
  year =         "1981",
  volume =       "15",
  pages =        "77--110",
}

@Book{Mac16,
  author =       "F. S. Macaulay",
  title =        "Algebraic theory of modular systems",
  year =         "1916",
  series =       "Cambridge Tracts",
  volume =       "19",
  publisher =    "Cambridge Univ.",
  address =      "England",
}

@PhdThesis{Bu65,
  author =       "B. Buchberger",
  title =        "Ein {Algorithmus} zum {Auffinden} der {Basiselemente}
                 des {Restklassenringes} nach einem nulldimensionalen
                 {Polynomideal}",
  school =       "Univ. Innsbruck",
  year =         "1965",
  address =      "Austria",
  type =         "Dissertation",
}

@Article{Bu70,
  author =      "Buchberger, B.",
  title =       {Ein algorithmisches {Kriterium} f\"ur die
                {L\"osbarkeit} eines algebraischen {Gleichungssystems}},
  journal =     "aequationes mathematicae",
  volume =      "4",
  number =      "3",
  year =        "1970",
  pages =       "374--383",
}

@InCollection{Bu85,
  author =       "B. Buchberger",
  editor =       "N. K. Bose",
  title =        "{Gr\"obner} bases: An algorithmic method in polynomial
                 ideal theory",
  booktitle =    "Recent Trends in Multidimensional Systems Theory",
  pages =        "184--232",
  publisher =    "D. Reidel Publ. Comp.",
  year =         "1985",
  address =      "Dordrecht (Holland)",
}

@Article{Wei97,
  author =       "V. Weispfenning",
  title = "Quantifier elimination for real algebra -- the quadratic case and beyond",
  journal =     AAECC,
  volume =      "8",
  number =      "2",
  year =        "1997",
  pages =       "85--101",
}


@Book{BeWei93,
  author =       "T. Becker and V. Weispfenning",
  title =        "{Gr\"obner} bases {A} Computational Approach to
                 Commutative Algebra",
  publisher =    SpringerVerl,
  year =         "1993",
  address =      "New York, N.Y.",
}

@Misc{Faug98,
  author =       Faugere,
  title =        "Gb",
  year =         "1998",
  howpublished = "Internet document",
  note =         "See links from {\ttfamily http://\allowbreak
                 posso.\allowbreak lip6.\allowbreak fr/\allowbreak\~{}jcf/}",
}

@InProceedings{GaWa97,
  title =        "A numerical absolute primality test for bivariate
                 polynomials",
  author =       "Galligo, A. and Watt, S.",
  booktitle =    ProcISSAC97,
  crossref =     "ISSAC97",
  pages =        "217--224",
}

@Book{Ach56,
  title =        "Theory of Approximation",
  author =       "N. I. Achiezer",
  publisher =    "Frederick Ungar Publ. Co.",
  address =      "New York, NY",
  year =         "1956",
  note =         "Translated by C. J. Hyman",
}

@InProceedings{LCJ98,
  author =       Lakshman # " and Char, B. and Johnson, J.",
  title =        "Software Components using Symbolic Computation for Problem
                 Solving Environments",
  booktitle =    ProcISSAC98,
  crossref =     "ISSAC98",
  year =         1998,
  pages =        "46--53",
}

@Book{PWZ96,
  author =      Petkovsek # " and Wilf, H. S. and Zeilenberger, D.",
  title =       "A=B",
  address =     "Wellesley, Massachusetts, USA",
  publisher=    "A K Peters",
  year =        "1996",
}

@TechReport{BoLi97,
  author =       "Borwein, J. M. and " # Lisonek,
  title =        "Applications of Integer Relation Algorithms",
  institution =  "Centre for Experimental and Constructive Mathematics,
                  Simon Fraser University",
  year =         "1997",
  type =         "Preprint",
  number =       "97:104",
  address =      "\url{http://mosaic.cecm.sfu.ca/preprints/1997pp.html}",
}

@Article{Tei98,
  author = "J. Teitelbaum",
  title = "{Euclid}'s Algorithm and the {Lanczos} Method over
           Finite Fields",
  journal = MathComp,
  volume =  "67",
  number = "224",
  year = "1998",
  month = oct,
  pages = "1665--1678",
}

@Article{Br71,
  author =       "W. S. Brown",
  title =        "On {Euclid}'s algorithm and the computation of
                 polynomial greatest common divisors",
  journal =      "J. ACM",
  year =         "1971",
  volume =       "18",
  pages =        "478--504",
}

@InProceedings{ACS86,
  author =       "S. K. Abdali and G. W. Cherry and N. Soiffer",
  title =        "An object-oriented approach to algebra system design",
  booktitle =    "Proc. 1986 Symp. Symbolic Algebraic Comput. Symsac '86",
  pages =        "24--30",
  crossref =     "SYMSAC86",
}

@InProceedings{Enc97:issac,
  author =       Encarnacion,
  title =        "Factoring polynomials over algebraic number fields via norms",
  booktitle =    ProcISSAC97,
  crossref =     "ISSAC97",
  pages =        "265--270",
}

@InProceedings{WBDIMSS94,
  author =       "S. M. Watt and P. A. Broadbery and S. S. Dooley and P.
                 Iglio and S. C. Morrison and J. M. Steinbach and R. S.
                 Sutor",
  title =        "A first report on the {${A}^\sharp$} compiler",
  booktitle =    ProcISSAC94,
  crossref =     "ISSAC94",
  pages =        "25--31",
}

@Book{CLO96,
  author =       "D. Cox and J. Little and D. O'Shea",
  title =        "Ideals, Varieties and Algorithms",
  edition =      "Second",
  publisher =    "Springer",
  address =      "New York",
  year =         "1996",
}

@Article{Sh94,
  author =       "V. Shoup",
  title =        "Fast construction of irreducible polynomials over
                 finite fields",
  journal =      JSC,
  year =         "1994",
  volume =       "17",
  number =       "5",
  month =        may,
  pages =        "371--391",
}

@Article{Shir96,
  author =       "Kiyoshi Shirayanagi",
  title =        "Floating point " # Groebner # " Bases",
  journal =      "Math. and Comput. in Simulation",
  volume =       "42",
  pages =        "509--528",
  year =         "1996",
}

@InProceedings{St96,
  author =       "H. J. Stetter",
  title =        "Stabilization of polynomial systems solving with {Groebner}
                 bases",
  booktitle =    ProcISSAC96,
  crossref =     "ISSAC96",
  pages =        "117--124",
}

@Misc{HIE98,
  author =       "Husbands, P. and {Isbell Jr.}, C. L.  and A. Edelman",
  title  =       "Interactive supercomputing with {MITMatlab}",
  year   =       "1998",
  month  =       aug,
  howpublished = "See link at \url{http://www-math.mit.edu/~edelman/}",
}

@Article{HuPa98,
  author =       "Huang, Xiaohan and Pan, Victor Y.",
  title  =       "Fast rectangular matrix multiplication and applications",
  journal =      "J. Complexity",
  volume =       "14",
  pages =        "257--299",
  year =         "1998",
}

@Book{BCK95,
  author =       "Bhattacharyya, S. P. and Chapellat, H. and Keel, L. H.",
  title =        "Robust Control The Parametric Approach",
  series =       "Prentice Hall Information and System Sciences",
  publisher =    "Prentice Hall PTR",
  address =      "Upper Saddel River, New Jersey, USA",
  year =         "1995",
  note =         "Series editor: T. Kailath",
}

@InProceedings{BGL94,
  author =       "Blake, I. F. and Gao, S. and Lambert, R.",
  title =        "Constructive problems for irreducible polynomials over
                  finite fields",
  booktitle =    "Information Theory and Applications Proc.\ Third Canadian
                  Workshop Rockland, Ontario, Canada May 30 - June 2, 1993",
  crossref =     "GuSe94",
  pages =        "1--23",
}

@InProceedings{NoFi96,
  author =       "Norman, A. and Fitch, J.",
  editor =       "Calmet, J. and  Limongelli, C.",
  title =        "Interfacing {REDUCE} to {Java}",
  booktitle =    "Proc. DISCO '96",
  series =       SLNCS,
  year =         "1996",
  volume =       "1128",
  pages =        "271--276",
  publisher =    SpringerVerl,
  address =      Springeraddr,
}

@InProceedings{Be97,
  author =       "Bernardin, L.",
  title =        "Maple on a massively parallel, distributed
                  memory machine",
  booktitle =    "Proc. Second " # PASCO # " '97",
  crossref  =    "PASCO97",
  pages =        "217--222",
}

@InProceedings{CJSW94,
  author =       "Char, B. and Johnson, J. and Saunders, D. and Wack, A. P.",
  title =        "Some experiments with parallel bignum arithmetic",
  booktitle =    "Proc. First " # PASCO # " '94",
  crossref =     "PASCO94",
  pages =        "94--103",
}

@Misc{POOMA20,
  key =          "Pooma",
  title =        "{POOMA} 2.0",
  howpublished = "\url{http://www.acl.lanl.gov/pooma/}",
  month =        nov,
  year =         "1998",
}

@Misc{linbox,
  key = "LinBox",
  title = "LinBox, a C++ library for exact linear algebra over A and over finite fields",
  howpublished = "\url{http://linalg.org/}",
  year = "9999",
}

@Misc{X,
  key = "fix citation",
  title = "citation needing tracking down",
  year = "9999",
}

@Misc{lieatlas,
  key = "Lie Atlas",
  title = "Atlas of Lie Groups and Representations",
  howpublished = "\url{http://atlas.math.umd.edu/}",
  year = "9999",
}

@Misc{Blitzpp,
  key =          "Blitz",
  title =        "Blitz++",
  howpublished = "\url{http://monet.uwaterloo.ca/blitz/}",
  month =        dec,
  year =         "1998",
}

@Misc{Atha1,
  key =          "Athapascan",
  title =        "Athapascan-1",
  howpublished = "\url{http://www-apache.imag.fr/software/ath1/}",
  month =        oct,
  year =         "1998",
}

@Misc{Giv99,
  title =        "Givaro",
  author =       "Gautier, T. and Roch, J.-L. and Villard, G.",
  howpublished = "\url{http://www-apache.imag.fr/software/givaro/}",
  month =        jan,
  year =         "1999",
}

@Article{GJ97,
  author =       "Bracha, G. and Odersky, M. and
                  Stoutamire, D. and Wadler, P.",
  title =        "Making the future safe from the past:
                  Adding genericity to the {Java} programming language",
  journal =      "{SIGPLAN} Notices",
  volume =       "33",
  number =       "10",
  year =         "1998",
  month =        oct,
  pages =        "183--200",
  publisher =    "ACM Press",
  address =      "New York, N.Y.",
  note =         "Proc. 13th OOPSLA.
                  See also \url{http://www.cs.bell-labs.com/~wadler/pizza/gj/}",
}

@Article{My95,
  author =      "Myers, N.",
  title =       "A New And Useful Template Technique: ``Traits''",
  journal =     "Borland C++ Report",
  year =        "1995",
  month =       jun,
  note =        "\url{http://www.borland.com/borlandcpp/news/report/CR9506myers.html}",
}

@Misc{PolyMath,
  author =       "Braham, S. and Yu, T. and Chan, C.",
  title =        "The {Java} {OpenMath} Library (version 0.5)",
  howpublished = "\url{http://pdg.cecm.sfu.ca/openmath/lib/}",
  month =        jul,
  year =         "1998",
}

@InProceedings{Sh99:minpoly,
  author =      "Shoup, V.",
  title =       "Efficient Computation of Minimal Polynomials in Algebraic
                 Extensions of Finite Fields",
  booktitle =    ProcISSAC99,
  crossref =     "ISSAC99",
  pages = "53--58",
}

@InProceedings{MuSto99,
  author =      "Mulders, T. and Storjohann, A.",
  title =       "Diophantine Linear System Solving",
  booktitle =    ProcISSAC99,
  crossref =     "ISSAC99",
  pages =        "181--188",
}

@InProceedings{ABM99,
  author =      "Abbott, J. and Bronstein, M. and Mulders, T.",
  title =       "Fast Deterministic Computation of Determinants of Dense
                 Matrices",
  booktitle =    ProcISSAC99,
  crossref =     "ISSAC99",
  year	= 	 "1999",
  pages =        "181--188",
}

@InProceedings{BLV99,
  author =      "Beckermann, B. and Labahn, G. and Villard, G.",
  title =       "Shifted Normal Forms of Polynomial Matrices",
  booktitle =    ProcISSAC99,
  crossref =     "ISSAC99",
  pages =        "189--196",
}

@InProceedings{B-OTi88,
  author =       "M. Ben-Or and P. Tiwari",
  title =        "A deterministic algorithm for sparse multivariate
                 polynomial interpolation",
  booktitle =    "Proc. Twentieth " # STOC,
  year =         "1988",
  pages =        "301--309",
  publisher =    "ACM Press",
  address =      "New York, N.Y.",
}

@InCollection{KaLa92,
  author =       "D. Kapur and " # Lakshman,
  editor =       "B. Donald and D. Kapur and J. Mundy",
  title =        "Elimination Methods an Introduction",
  booktitle =    "Symbolic and Numerical Computation for Artificial
                 Intelligence",
  pages =        "45--89",
  publisher =    "Academic Press",
  year =         "1992",
}

@Book{vdWae39,
  author =       "{van der Waerden}, B. L.",
  title =        "{Einf\"uhrung} in die algebraische {Geometrie}",
  publisher =    "Springer Verlag",
  address =      "Berlin",
  year =         "1939",
}

@Article{McC97,
  author =       "McCallum, S.",
  title =        "On testing a bivariate polynomial for analytic
                 reducibility",
  journal =      JSC,
  year =         "1997",
  volume =       "24",
  number =       "5",
  pages =        "509--535",
}

@Article{Walsh92,
  author =       "P. G. Walsh",
  title =        "A quantitative version of {Runge}'s theorem on diophantine
                 equations",
  journal =      "Acta Arith.",
  volume =       "62",
  number =        "2",
  year =         "1992",
  pages =        "157--172",
  note =         "Corrections in \cite{Walsh95}",
}

@PhDThesis{Walsh93,
  author =       "P. G. Walsh",
  title =        "The computation of {Puiseux} expansions and a
                 quantitative version of {Runge}'s theorem on diophantine
                 equations",
  school =       "Univ. Waterloo",
  year =         "1993",
  address =      "Waterloo, Canada",
}


@Article{Walsh95,
  author =        "Walsh, P. G.",
  title =         "Corrections to: `A quantitative version of 
                   {Runge}'s theorem on Diophantine equations'",
  journal =       "Acta Arith.",
  volume =        "73",
  number =        "4",
  year =          "1995",
  pages =         "397--398",
}

@Book{G1801,
  author =       "C. F. Gauss",
  title =        "Disquisitiones Arithmeticae",
  publisher =    "G. Fleischer, Jr.",
  year =         "1801",
  address =      "Leipzig, Germany",
}

@InProceedings{Zi79,
  author =       "R. Zippel",
  title =        "Probabilistic algorithms for sparse polynomials",
  booktitle =    "Proc. EUROSAM '79",
  series =       SLNCS,
  year =         "1979",
  volume =       "72",
  pages =        "216--226",
  publisher =    SpringerVerl,
  address =      Springeraddr,
}

@Article{GoGr74,
  author =       "A. J. Goldstein and R. L. Graham",
  title =        "A {Hadamard}-type bound on the coefficients of a
                 determinant of polynomials",
  journal =      "SIAM Rev.",
  year =         "1974",
  volume =       "16",
  pages =        "394--395",
}

@InProceedings{CaRo75,
  author =       "Caviness, B. F. and Rothstein, M.",
  title =        "A modular greatest common divisor algorithm for
                  {Gaussian} polynomials",
  booktitle =    "Proc. 1975 ACM Annual Conference",
  year =         "1975",
  pages =        "270--273",
  publisher =    "ACM",
  address =      "New York, N. Y.",
}

@InProceedings{CaCo76,
  author =       "B. F. Caviness and G. E. Collins",
  title =        "Algorithms for {Gaussian} integer arithmetic",
  booktitle =    "Proc. 1976 ACM Symp. Symbolic Algebraic Comp.",
  year =         "1976",
  editor =       "Jenks, R. D.",
  pages =        "36--45",
  publisher =    "ACM",
  address =      "New York, N. Y.",
}

@PhDThesis{Mus71,
  author =       "D. R. Musser",
  title =        "Algorithms for polynomial factorization",
  school =       "Univ. Wisconsin",
  year =         "1971",
  address =      "Madison, Wisconsin, USA",
  note =         "Also TR \#134, September 1971."
}

@InProceedings{RWW94,
  author =       "Rayes, M. O. and Wang, P. S. and Weber, K.",
  title =        "Parallelization of the sparse modular {GCD} algorithm
                 for multivariate polynomials on shared memory multiprocessors",
  booktitle =    ProcISSAC94,
  crossref =     "ISSAC94",
  pages =        "66--73",
}

@Article{Enc95,
  author =       Encarnacion,
  title =        "Computing {GCD}s of polynomials over algebraic number fields",
  journal =      JSC,
  year =         "1995",
  volume =       "20",
  number =       "3",
  pages =        "299--313",
}

@Article{LaSa95,
  author =       Lakshman # " and B. D. Saunders",
  title =        "Sparse polynomial interpolation in non-standard
                 bases",
  journal =      "SIAM J. Comput.",
  year =         "1995",
  volume =       "24",
  number =       "2",
  pages =        "387--397",
}

@Article{McCl73,
  author =       "M. T. McClellan",
  title =        "The exact solution of systems of linear equations with
                 polynomial coefficients",
  journal =      "J. ACM",
  year =         "1973",
  volume =       "20",
  pages =        "563--588",
}

@InProceedings{MoeCa79,
  author =       "R. T. Moenck and J. H. Carter",
  title =        "Approximate algorithms to derive exact solutions to
                 systems of linear equations",
  booktitle =    "Proc. EUROSAM '79",
  series =       SLNCS,
  year =         "1979",
  volume =       "72",
  pages =        "65--73",
  publisher =    SpringerVerl,
  address =      Springeraddr,
}

@InProceedings{Col75,
  author =       "G. E. Collins",
  title =        "Quantifier elimination for the elementary theory of real closed fields by cylindrical algebraic decomposition",
  year =         "1975",
  booktitle =    "Automata Theory and Formal Languages, 2nd GI conference",
  publisher =    "Springer-Verlag",
  series =       "Lecture Notes in Computer Science",
  volume =       "33",
  year =         "1975",
  pages =        "134--183",
}

@Article{ChCo82,
  author =       "T. J. Chou and G. E. Collins",
  title =        "Algorithms for the solution of systems of diophantine
                 linear equations",
  journal =      "SIAM J. Comp.",
  year =         "1982",
  volume =       "11",
  pages =        "687--708",
}

@Article{GeJo76,
  author =       "W. M. Gentleman and S. C. Johnson",
  title =        "Analysis of algorithms, a case study: Determinants of
                 matrices with polynomial entries",
  journal =      "ACM Trans. Math Software",
  year =         "1976",
  volume =       "2",
  pages =        "232--241",
}

@Article{LeSau95,
  author = "H. R. Lee and B. D. Saunders", 
  title =  "Fraction Free {Gaussian} Elimination for Sparse Matrices",
  journal =      JSC,
  year =         "1995",
  volume =       "19",
  pages =        "393--402",
}

@Article{Bar68,
  author =       "E. H. Bareiss",
  title =        "{Sylvester}'s identity and multistep integers preserving
                 {Gaussian} elimination",
  journal =      "Math. Comp.",
  year =         "1968",
  volume =       "22",
  pages =        "565--578",
}

@Article{SaMu82,
  author =       "T. Sasaki and H. Murao",
  title =        "Efficient {Gaussian} elimination method for symbolic
                 determinants and linear systems",
  journal =      "ACM Trans. Math. Software",
  year =         "1982",
  volume =       "8",
  number =       "3",
  pages =        "277--289",
}

@Article{Vil99,
  author =      "G. Villard",
  title =       "Processor efficient parallel solution of linear systems
                 of equations",
  journal=      "J. Algorithms",
  year =        "to appear",
}

@Article{Mul87,
  author =       "K. Mulmuley",
  title =        "A fast parallel algorithm to compute the rank of a
                 matrix over an arbitrary field",
  journal =      "Combinatorica",
  year =         "1987",
  volume =       "7",
  number =       "",
  pages =        "101--104",
  note =         "",
}

@Article{GeJo74,
  author = "W. M. Gentleman and S. C. Johnson",
  title =  "The Evaluation of Determinants by Expansion by Minors
            and the General Problem of Substitution",
  journal = "Mathematics of Computation",
  volume = "28",
  pages = "543-548",
  year = "1974",
}

@PhdThesis{Hi98,
  author =       "Markus A. Hitz",
  title =        "Efficient Algorithms for Computing the Nearest
                 Polynomial with Constrained Roots",
  school =       "Rensselaer Polytechnic Institute",
  address =      "Troy, N.Y.",
  year =         "1998",
}

@Article{OePr64,
  author =       "W. Oettli and W. Prager",
  title =        "Compatibility of Approximate Solution of Linear
                 Equations With Given Error Bounds for Coefficients and
                 Right-Hand Sides",
  journal =      "Numerische Mathematik",
  volume =       "6",
  pages =        "405--409",
  year =         "1964",
  CODEN =        "NUMMA7",
  ISSN =         "0029-599X",
  keywords =     "la; pert; linear system; backward perturbation",
}

@InProceedings{Wa99,
  author =      "Wang, P. S.",
  title =       "Design and Protocol for {Internet} Accessible Mathematical
                 Computation",
  booktitle =    ProcISSAC99,
  crossref =     "ISSAC99",
  pages = "291--298",
}

@InProceedings{LeHo99,
  author =      "Le, H. and Howlett, C.",
  title =       "Client-Server Communication Standards for Mathematical
                 Computation",
  booktitle =    ProcISSAC99,
  crossref =     "ISSAC99",
  pages = "299--306",
}

@InProceedings{CGW99,
  author =      "Corless, R. M. and Giesbrecht, M. W. and Jeffrey, D. J.",
  title =       "Approximate Polynomial Decomposition",
  booktitle =    ProcISSAC99,
  crossref =     "ISSAC99",
  pages = "213--219",
}

@InProceedings{JP99,
  author =      "Jeannerod, C.-P. and " # Pfluegel,
  title =       "A Reduction Algorithm for Matrices Depending on a Parameter",
  booktitle =    ProcISSAC99,
  crossref =     "ISSAC99",
  pages = "121--128",
}

@Article{EY36,
  author =      "Eckart, C. and Young, G.",
  title =       "The approximation of one matrix by another of lower rank",
  journal =     "Psychometrika",
  volume =      "1",
  number =      "3",
  pages =       "211--218",
  year =        "1936",
  month =       sep,
}

@InProceedings{VV97,
  author =       "P. {Van Dooren} and V. Vermaut",
  title =        "On stability radii of generalized eigenvalue
                 problems",
  booktitle =    "Proc. European Conference on Control",
  year =         "1997",
}

@Misc{Dem99,
   author = "Demmel, J. W.",
   title =  "Private correspondence",
   howpublished = "e-mail message exchange",
   month = feb,
   year = "1999",
}

@TechReport{Gau98,
   author = "Gautier, T.",
   title = "Une interface {C++} pour {{\scshape Athapascan}}",
   institution = "INRIA Grenoble, France",
   year = "1998",
   month = sep,
   type = "Manuscript to be published",
}

@Unpublished{LE98,
  author =       "R. A. Lippert and A Edelman",
  title =        "The computation and sensitivity of double
                 eigenvalues",
  year =         "1998",
  month =        jan,
  note =         "Manuscript; see link at
                 \url{http://www-math.mit.edu/~edelman/}",
}

@Unpublished{KLL99,
   author =       "Kaltofen, E. and Lee, W.-S. and Lobo, A. A.",
   title =        "Early termination in {Ben-Or/Tiwari} sparse interpolation
                   and its application to {Zippel}'s algorithm",
   year =          "1999",
   note =          "In preparation"
}


@InProceedings{Monagan92,
  author =       "Michael B. Monagan",
  title =        "In-place arithmetic for polynomials over {${Z}_n$}",
  year =         "1993",
  booktitle =    "Proceedings of DISCO '92",
  publisher =    "Springer-Verlag",
  series =       "Lecture Notes in Computer Science",
  volume =       "721",
  pages =        "22--34",
}

@Misc{Kah98,
  author =       "W. Kahan and J. D. Darcy",
  title =        "How {Java}'s floating-point hurts everyone everwhere",
  howpublished = "Link from \url{http://www.cs.berkeley.edu/~wkahan}",
  year =         "1998",
}

@Misc{javaStudio,
  key =          "Java Studio",
  title =        "{Java} {Studio}",
  howpublished = "\url{http://www.sun.com/studio/index.html}",
  year =         "1997",
}

@InProceedings{Kuchlin91,
  author =       Kuechlin,
  title =        "On the multi-threaded computation of integral
                 polynomial greatest common divisors",
  booktitle =    ProcISSAC91,
  crossref =     "ISSAC91",
  pages =        "333--342",
}

@Book{expect,
  author =       "Don Libes",
  title =        "Exploring Expect",
  publisher =    "O'Reilly Associates",
  year =         "1994",
  edition =      "1st",
  month =        dec,
}

@PhdThesis{WW96,
  author =       "W. Weck",
  title =        "On Document-Centered Mathematical Component Software",
  school =       "ETH Zurich",
  year =         "1996",
  address =      "Institute of Scientific Computing",
  month =        sep,
}

@Misc{CORBA,
  key =          "Corba",
  title =        "{CORBA/IIOP} 2.2 Specification",
  howpublished = "\url{http://www.omg.org/corba/cichpter.html}",
  year =         "1998",
  month =        jul,
}

@Article{Bern99,
  author =       "L. Bernardin",
  title =        "A {Java} Framework for Massively Distributed Symbolic
                 Computing",
  journal =      "Mathematics and Computers in Simulation",
  publisher =    "Elsevier Science",
  year =         "1999",
  note =         "To appear",
}

@InProceedings{Bron96,
  author =       "Manuel Bronstein",
  title =        "{$\Sigma^{\text{it}}$} -- {A} Strongly-Typed Embeddable
                 Computer Algebra Libary",
  booktitle =    "Proc. DISCO '96",
  editor =       "Jacques Calmet and Carla Limongelli",
  series =       SLNCS,
  volume =       "1128",
  year =         "1996",
  month =        sep,
  pages =        "22--33",
  publisher =    SpringerVerl,
  address =      Springeraddr,
}

@Misc{Sch99,
  author =       "Schreiner, W.",
  title =        "Distributed {Maple} --- User and Reference Manual (V 1.0.7)",
  howpublished = "Link from \url{http://www.risc.uni-linz.ac.at/software/distmaple/}",
  year =         "1999",
  month =        mar,
}

@Misc{NetSolve12,
  author =       "Dongarra, J. and Arnold, D. and Ganapathy~Raman and
                  Casanova, H.",
  title =        "NetSolve1.2",
  howpublished = "\url{http://www.cs.utk.edu/netsolve/}",
  year =         "1998",
}

@Misc{MathML99,
  author =       "Ion, P. and Miner, R.",
  title =        "{MathML} 1.01 Specification",
  howpublished = "\url{http://www.w3.org/TR/REC-MathML/}",
  month =        jul,
  year =         "1999",
}

@Misc{OpenMath99,
  title =        "The {OpenMath} society",
  key =          "OpenMath",
  howpublished = "\url{http://www.openmath.org}",
  month =        jul,
  year =         "1999",
}

@Misc{Sol99,
  title = "{GAP}, {OpenMath}, and {MCP}",
  author = "Solomon, A.",
  howpublished = "Lecture at the IAMC workshop in Vancouver",
  month = jul,
  year = "1999",
}

@Unpublished{Len98,
   title = "Finding small degree factors of lacunary polynomials",
   author = LenstraHW,
   note = "Manuscript to be published",
   year = 1998,
}

@InProceedings{St99,
  author =       "Stetter, H. J.",
  title =        "Polynomials with Coefficients of Limited Accuracy",
  booktitle =    "Proc. Computer Algebra in Scientific Computing (CASC '99)",
  editor =       "V. G. Ganzha and E. W. Mayr and E. V. Vorozhtsov",
  series =       SLNCS,
  publisher =    SpringerVerl,
  address =      Springeraddr,
  year =         "1999",
}

@InProceedings{Je84,
  author =       "R. D. Jenks",
  title =        "A primer: 11 keys to new {SCRATCHPAD}",
  booktitle =    "Proc. EUROSAM '84",
  crossref =     "EUROSAM84",
  pages =        "123--147",
}

@Misc{Lo98,
  title =        "Early termination in {Wiedemann} algorithms",
  author =       "A. Lobo",
  month =        aug,
  year =         "1998",
  note =         "Reported to the LinBox group; to be published",
}

@Misc{Eb99,
  title =        "Avoidance of look-ahead in {Lanczos} by random
                 projections",
  author =       "W. Eberly",
  month =        apr,
  year =         "1999",
  note =         "Reported to the LinBox group; to be published",
}

@Misc{Eb2K,
  title =        "Avoidance of look-ahead in {Lanczos} by random
                 projections",
  author =       "W. Eberly",
  year =         "2000",
  note =         "Manuscript in preparation.",
}

@Misc{Vi99,
  title =        "Sparse {Wiedemann} pre-conditioners remove nil-potent
                 blocks",
  author =       "G. Villard",
  month =        feb,
  year =         "1999",
  note =         "Reported to the LinBox group: to be published",
}

@Misc{EVS99,
  title =        "Removing nil-potent blocks in the symmetric case",
  author =       "W. Eberly and B. D. Saunders and G. Villard",
  month =        apr,
  year =         "1999",
  note =         "Reported to the LinBox group: to be published",
}

@Misc{Sau98,
  title =        "Pre-conditioning with a single diagonal factor",
  author =       "B. D. Saunders",
  year =         "1998",
  month =        aug,
  note =         "Reported to the LinBox group: to be published",
}

@Misc{Ka98:linbox,
  title =        "Cheaper certificates for inconsistency",
  author =       "E. Kaltofen",
  month =        feb,
  year =         "1998",
  note =         "Reported to the LinBox group: to be published",
}

@Misc{SSV99,
  title =        "Rank certificates for sparse matrices",
  author =       "B. D. Saunders and A. Storjohann and G. Villard",
  month =        jun,
  year =         "1998",
  note =         "Reported to the LinBox group: to be published",
}

@Article{BKW97,
  author =       Bloemer # " and Karp, R. and Welzl, E.",
  title =        "The rank of sparse random matrices over finite
                 fields",
  journal =      "Random Structures and Algorithms",
  year =         "1997",
  volume =       "10",
  pages =        "407--419",
}

@InProceedings{Ebe97,
  author =       "W. Eberly",
  title =        "Processor-efficient parallel matrix inversion over
                 abstract fields: two extensions",
  booktitle =    "Proc. Second " # PASCO # " '97",
  crossref =     "PASCO97",
  pages =        "38--45",
}

@TechReport{Pa95,
  title =        "Random Butterfly Transformations with Applications in
                 Computational Linear Algebra",
  author =       "D. S. Parker",
  institution =  UCLA,
  address =      "Computer Science Dept.",
  year =         "1995",
  number =       "CSD-950023",
  type =         "Technical Report",
  note =         "See \url{http://www.cs.ucla.edu/~stott/ge/}.",
}

@Article{Dorn87,
  author =       "J. L. Dornstetter",
  title =        "On the equivalence between {Berlekamp}'s and
                 {Euclid}'s algorithms",
  journal =      "IEEE Trans. Inf. Theory",
  year =         "1987",
  volume =       "{\sc it}-33",
  number =       "3",
  pages =        "428--431",
}

@Article{BrTr71,
  author =       "W. S. Brown and J. F. Traub",
  title =        "On {Euclid}'s algorithm and the theory of
                 subresultants",
  journal =      "J. ACM",
  year =         "1971",
  volume =       "18",
  pages =        "505--514",
}

@Article{DeMLip78,
  author =       "R. A. DeMillo and R. J. Lipton",
  title =        "A probabilistic remark on algebraic program testing",
  journal =      "Information Process. Letters",
  year =         "1978",
  volume =       "7",
  number =       "4",
  pages =        "193--195",
}

@Book{Gant77,
  author =       "F. R. Gantmacher",
  title =        "The theory of matrices",
  publisher =    "Chelsea publishing company",
  year =         "1977",
  volume =       "1",
  pages =        "9",
}

@Article{Schw80,
  author =       "J. T. Schwartz",
  title =        "Fast probabilistic algorithms for verification of
                 polynomial identities",
  journal =      "J. ACM",
  year =         "1980",
  volume =       "27",
  pages =        "701--717",
}

@Article{LaSa96,
  author =       Lakshman # " and Saunders, B. D.",
  title =        "Sparse shifts for univariate polynomials",
  journal =      AAECC,
  year =         "1996",
  volume =       "7",
  number =       "5",
  pages =        "351--364",
}

@Misc{brain,
  author =       "D Shattuck and R. Leahy",
  title =        "BrainSuite",
  year = 2000,
  howpublished = "\url{http://neuroimage.usc.edu/brainsuite}",
}

@Article{mackenzie,
  author =       "D. Mackenzie",
  title =        "Topologists take scalpel to brain scans",
  journal =      "SIAM News",
  year =         "2004",
  volume =       "37",
  number =       "7",
}

@Article{trefpose,
  author =       "L. Trefethen",
  title =        "The Hundred Dollar, Hundred Digit Challenge",
  journal =      "SIAM News",
  year =         "2002",
  volume =       "15",
  number =       "1",
}
@Article{trefresult,
  author =       "L. Trefethen",
  title =        {Chastened Challenge Sponsor, "I Misjudged"},
  journal =      "SIAM News",
  year =         "2002",
  volume =       "15",
  number =       "6",
}

@Article{GKS90,
  author =       "D. Yu. Grigoriev and M. Karpinski and M. F. Singer",
  title =        "Fast parallel algorithms for sparse multivariate
                 polynomial interpolation over finite fields",
  journal =      "SIAM J. Comput.",
  year =         "1990",
  volume =       "19",
  number =       "6",
  pages =        "1059--1063",
}

@InProceedings{ZiRa99,
  title =        "On feasible multivariate polynomial interpolations
                 over arbitrary fields",
  author =       "Z. Zilic and K. Radecka",
  booktitle =    ProcISSAC99,
  crossref =     "ISSAC99",
  pages =        "67--74",
}

@InProceedings{MuFu94,
  author =       "H. Murao and T. Fujise",
  title =        "Modular algorithm for sparse multivariate polynomial
                 interpolation and its parallel implementation",
  booktitle =    "Proc. First " # PASCO # " '94",
  crossref =     "PASCO94",
  pages =        "304--315",
}

@InProceedings{GriKa87,
  author =       "D. Yu. Grigoriev and M. Karpinski",
  title =        "The matching problem for bipartite graphs with
                 polynomially bounded permanents is in {NC}",
  booktitle =    "Proc. 28th " # FOCS,
  year =         "1987",
  pages =        "166--172",
  publisher =    "IEEE Computer Society Press",
  address =      "Los Alamitos, California",
}

@PhdThesis{RZphd,
  author =       "R. E. Zippel",
  title =        "Probabilistic algorithms for sparse polynomials",
  school =       MIT,
  year =         "1979",
  address =      "Cambridge, USA",
  month =        sep,
}

@Book{HaWr79,
  author =       "G. H. Hardy and E. M. Wright",
  title =        "An Introduction to the Theory of Numbers",
  publisher =    "Oxford Univ. Press",
  year =         "1979",
  edition =      "5",
  address =      "Oxford",
}

%\bibitem{DV02} 
%{\sc J-G. Dumas, G. Villard},
%{\em Computing the rank of large sparse matrices over finite fields}, 
%CASC'2002 : Computer Algebra in Scientific Computing.
%
%\bibitem{DTW02} 
%{\sc J-G. Dumas, W. Turner, and Z. Wan},
%{\em Exact solution to large sparse integer linear systems},
%ECCAD 2002,
%\verb|http://www.cis.udel.edu/~wan/publication/eccad2002_abstract.ps|
%% or refer to Trefethen
 
%\bibitem{DS02}
%{\sc A. Duran and D. Saunders},
%{\em GenBLAS: Basic Linear Algebra Subroutines in C++ over Any Fields},
%\verb|http://www.cis.udel.edu/~duran/GenBLAS.pdf|,
%(GenBLAS version 1 download:
%\verb|http://www.cis.udel.edu/~duran/GenBLAS.tar.gz|).
 
%\bibitem{DS03}
%A. Duran and D. Saunders, {Gen$_$SuperLU} package (version 1.0)
%download: http://linalg.org/
%~/linbox-new/linbox/gen_superlu

%\bibitem{ek}
%{\sc W. Eberly and E. Kaltofen},
%{\em On randomized Lanczos algorithms}, 
%In Proc. 1997 Internat. Symp. Symbolic Algebraic Comput. (ISSAC'97), pp.~176--183.
%

%\bibitem{liu}
%J. W. H. LIU, Modification of the minimum-degree algorithm by
%multiple elimination. ACM Trans. Math. Software, 1:141-153, 1985.

%u
%\bibitem{SSV01}
%{\sc D. Saunders, A. Storjohann, and G. Villard},
%{Matrix Rank Certification},
%ELA accepted, 2001.
%  nsf = "yes".


%u
\bibitem{Wie86} 
{\sc D.~Wiedemann},
{\em Solving sparse linear equations over finite fields},
IEEE Transf. Inform. Theory , IT-32:54--62, 1986.
%
@CONFERENCE{Pernet03,
AUTHOR ="C.Pernet and Z. Wan",
TITLE ="LU based algorithms for the characteristic polynomial over a finite field",
BOOKTITLE ="Poster, ISSAC'03",
publisher = {ACM Press},
YEAR =2003}


@inproceedings{Eberly03,
author = "Wayne Eberly",
title = "Early termination over small fields",
booktitle = "Proc. ISSAC'03",
pages = "80-87",
publisher = {ACM Press},
year = "2003"}

@inProceedings{DumasGiorgiPernet:2004:issac, 
author = "Jean-Guillaume Dumas and Pascal Giorgi and Cl\'ement Pernet", 
title="{FFPACK}: Finite Field Linear Algebra Package", 
%month  = jul,
%day    = "4--7",
year   = 2004, 
booktitle = "Proceedings of the 2004 International Symposium on Symbolic and Algebraic Computation, Santander, Spain",
%editor =       "Jaime Gutierrez ",
publisher =    "ACM Press, New York",
}

@MISC {atlas_papers,
title = "Atlas of lie groups and representations: Papers.",
url = "atlas.math.umd.edu/papers"
}

@MISC{adams_models,
author = "J~Adams",
title = "Integral models of representations of weyl groups",
howpublished = {\url{http://atlas.math.umd.edu/weyl/integral}}
}

@MISC{barbasch_spherical,
author = "D.~Barbasch",
title = "Unitary spherical spectrum for split classical groups, preprint",
howpublished = {\url{http://www.math.cornell.edu/~barbasch/nsph.ps}}
}

@book{humphreys_coxeter,
author = "James~E. Humphreys",
title = "{\em Reflection groups and {C}oxeter groups}, volume~29 of {\em
  Cambridge Studies in Advanced Mathematics}",
publisher = "Cambridge University Press, Cambridge",
year = 1990
}

@article{stembridge_models,
author = "John~R. Stembridge",
title = "Explicit matrices for irreducible representations of {W}eyl groups",
journal = "Represent. Theory (electronic)", 
volume = 8,
pages = "267-289",
year = 2004}

@article{BEPP97,
author = "H. Bronnimann and I.Z. Emiris and V.Y. Pan and S. Pion",
title = "Sign determination in residue number systems",
JOURNAL = "Theoret. Comput. Sci.",
volume = 210,
issue = 1,
year = 1999,
pages = "173–197"
}

@ARTICLE{Emiris98,
author = "I.Z.Emiris",
title = "A complete implementation for computing general dimensional convex hulls",
JOURNAL = "Inter. J. Comput. Geom. Appl.",
volume = 8,
issue = 2,
year = 1998,
pages = "223-253"}

@inproceedings{Saunders::LA::2004,
author = "B. David Saunders and Zhendong Wan",
title = "Smith Normal Form of Dense Integer Matrices Fast Algorithms into Practice",
booktitle = "Proc. ISSAC'04",
pages = "274-281",
publisher = {ACM Press},
year = "2004"}

