%<HTML><BODY><pre>
% Work authored, co-authored, or edited by <a href="..">David Saunders</a>
% Scroll down for papers accessible via an html browser and click on url field
% You can also use this file as a BibTeX database.
%
% COPYRIGHT NOTICE: The items linked in the url fields
%                   are copyrighted by the publishers or
%                   by B. D. Saunders
%
% The File structure, format, and some entries are as designed by E. Kaltofen. 
%
% Date: August 15, 2000

% For BibTeX you must insert a file with string definitions here
% <a href="strings.bib">strings.bib</a>
%%%%%%%%%%%%%%%%%%%%o
%%%               %%%
%%% DEFININTIIONS %%%
%%%               %%%
%%%%%%%%%%%%%%%%%%%%%
%@string{AAECC = "Applic. Algebra Engin. Commun. Comput."}
%@string{Axiom = "ax\d iom"}
%@string{CACM = "Commun. ACM"}
%@string{Diaz = "{D\'\i az}, A."}
%@string{ECCAD = "East Coast Computer Algebra Day"}
%@string{ELA = "Electronic J. of Linear Algebra"}
%@string{Encarnacion = "Encarnaci{\'o}n, Mark J."}
%@string{ETHzurich = "Eidgen. Techn. Hochschule Zurich"}
%@string{Faugere = "Faug\`ere, J.-C."}
%@string{FOCS = "Annual Symp. Foundations of Comp. Sci."}
%% double {{...}} to make sure FoxBox stays capitalized
%@string{FoxBox ="{{\scshape FoxBox}}"}
%@string{Gaetano = "Ga{\"e}tano, M."}
%@string{Groebner = "{Gr\"obner}"}
%@string{IMAG = "Institut d'Informatique et de Math\'ematiques Appliqu\'ees de Grenoble"}
%@string{IPL = "Information Process. Lett."}
%@string{JCSS = "J. Comput. System Sci."}
%@string{JSC = "J. Symbolic Comput."}
%@string{Kuechlin = {W. K\"uchlin}}
%@string{LAA = "Linear Algebra and Applications"}
%@string{Lenstra = "Lenstra, Jr., H. W."}
%@string{Lovasz = "Lov\'asz, L."}
%@string{MathComp = "Math. Comput."}
%@string{MIT =    "Massachusetts Inst. of Technology"}
%@string{NCSU = "North Carolina State Univ."}
%@string{OOPSLA = "Annual {ACM} {SIGPLAN} Conference on Object-Oriented Programming Systems, Languages, and Applications (OOPSLA'98)"}
%@string{PASCO = "Internat. Symp. Parallel Symbolic Comput. {PASCO}"}
%@string{PODC = "Annual ACM Symp. Principles Distrib. Comput."}
%@string{ISSAC = "Internat. Symp. Symbolic Algebraic Comput."}
%@string{Pfluegel = {Pfl\"ugel, E.}}
%@string{ProcISSAC89 = "Proc. ACM-SIGSAM 1989 " # ISSAC # " {ISSAC} '89"}
%@string{ProcISSAC90 = "{ISSAC} '90 " # ISSAC}
%@string{ProcISSAC91 = "Proc. 1991 " # ISSAC # " {ISSAC}'91"}
%@string{ProcISSAC92 = ISSAC # " 92"}
%@string{ProcISSAC93 = "Proc. 1993 " # ISSAC # " {ISSAC}'93"}
%@string{ProcISSAC94 = "{ISSAC} '94 Proc. " # ISSAC}
%@string{ProcISSAC95 = "Proc. 1995 " # ISSAC # " {ISSAC}'95"}
%@string{ProcISSAC96 = "{ISSAC} 96 Proc. 1996 " # ISSAC}
%@string{ProcISSAC97 = "{ISSAC} 97 Proc. 1997 " # ISSAC}
%@string{ProcISSAC98 = "{ISSAC} 98 Proc. 1998 " # ISSAC}
%@string{ProcISSAC99 = "{ISSAC} 99 Proc. 1999 " # ISSAC}
%@string{ProcISSAC00 = "{ISSAC} 00 Proc. 2000 " # ISSAC}
%@string{ProcISSAC01 = "{ISSAC} 01 Proc. 2001 " # ISSAC}
%@string{ProcISSAC04 = "{ISSAC} 04 Proc. 2004 " # ISSAC}
%@string{RPI = "Rensselaer Polytechnic Instit."}
%@string{SIComp = "SIAM J. Comput."}
%@string{SIGSAMbull = "SIGSAM Bulletin"}
%@string{SLNCS = "Lect. Notes Comput. Sci."}
%@string{Schoenhage = {Sch\"onhage, A.}}
%@string{SpringerVerl = "Springer Verlag"}
%@string{Springeraddr = "Heidelberg, Germany"}
%@string{STOC = "Annual ACM Symp. Theory Comput."}
%@string{ProcSYMSAC86 = "Proc. 1986 ACM Symp. Symbolic and Algebraic Comput."}
%@string{ProcSYMSAC81 = "Proc. 1981 ACM Symp. Symbolic and Algebraic Comput."}
%@string{TCS = "Theoretical Comput. Sci."}
%@string{UCLA = "Univ. California at Los Angeles"}
%%% 20xx future %%%

@Unpublished{GS00,
  title = "Solving Parametric Linear Systems",
  author = "M. Giesbrecht and D. Saunders",
  year =   "2000",
  note =   "Manuscript in preparation",
}

%Unpublished{??02,
%  title = "Drazin inverse",
%}

%%Unpublished{SW05b,
%  title = "tupero...",
%  author = "B. D. Saunders and Z. Wan",
%}

%%% 2005 %%%

@Unpublished{SW05a,
  title = "Smith normal form of dense integer matrices, ... fast algorithms into practice",
  author = "B. D. Saunders and Z. Wan",
  Journal = "",
  volume = "", 
  year = 2005,
  pages = "",
  note = "in preparation",
  nsf = "yes",
}

@Unpublished{W05,
  title = "Exactly solve integer linear systems using numerical methods",
  author = "Z. Wan",
  Journal = "JSC",
  volume = "", 
  year = 2004,
  pages = "",
  note = "submitted",
  nsf = "yes"
}

@Unpublished{SW05,
  title = "Smith normal form of dense integer matrices, fast algorithms into practice",
  author = "B. D. Saunders and Z. Wan",
  year = 2005,
  pages = "in preparation",
  nsf = "yes"
}

%%% 2004 %%%

@InProceedings{SW04,
  title = "Smith normal form of dense integer matrices, fast algorithms into practice",
  author = "B. D. Saunders and Z. Wan",
  booktitle = ProcISSAC04,
  place = "Santander, Spain, July 4--7", 
  year = 2004,
  publisher = "ACM Press",
  pages = "274-281",
  nsf = "yes"
}

@Misc{WS04, 
  title = "Tighter Probability Bounds for Randomized Linear Algebra Algorithms",
  author = "Z. Wan and B. D. Saunders",
  meeting = ECCAD,
  year = "May 8, 2004",
  place = "Wilfrid Laurier U.,  Waterloo, ON",
}


@Article{SSV04,
  title = "Matrix rank certification",
  author = "B. D. Saunders and A. Storjohann and G. Villard",
  journal = ELA, 
  volume = "11", 
  year = 2004,
  pages = "16--23",
  nsf = "yes"
} %sub August01, accept Dec01 subj rev, accepted August 2003",

%%% 2003 %%%

@InProceedings{DHSW03,
  title = "Computing Simplicial Homology Based on Efficient Smith Normal Form Algorithms",
  author = "J-G Dumas and F. Heckenbach and D. Saunders and V. Welker",
  booktitle = "Algebra, Geometry, and Software Systems",
  editor = "M. Joswig and N. Takayama",
  year = 2003,
  comment = "out of Dagstuhl meeting",
  publisher = "Springer Verlag",
  pages = "177--206",
  nsf = "no",
}

@InProceedings{DSW03,
  title = "Rank of Sparse \{0,1\}-Matrices",
  author = "A. Duran and B. D. Saunders and Z. Wan",
  booktitle= "Proceeding of the SIAM International Conference on Applied Linear Algebra.",
  publisher = "online at \verb|www.siam.org/meetings/la03/proceedings|",
  year = "2003",
  place = "William and Mary, Williamstown, Virginia",
}

%aca03 - Villard and I were the session organizers,
%we accepted 8 of 11 including my own!
@InProceedings{LSW03,
  title = "Rank and Smith form of extremely sparse matrices",
  author = "A. Lobo and B. D. Saunders and Z. Wan",
  booktitle = "International Conference on Applications of Computer Algebra",
  place = "NC State, Raleigh, NC, July 28-31",
  year =   "2003",
  publisher =   "No proceedings",
}

% 03 eccad?
%@Misc{WS03, 
%  title = "???",
%  author = "Z. Wan and B. D. Saunders",
%  meeting = ECCAD,
%  year = 2003,
%  place = "Clemson, SC",
%}

@InProceedings{KS03,
  title = "Linear Systems",
  author = "E. Kaltofen and B. D. Saunders",
  booktitle = "Computer Algebra Handbook",
  editor = "J. Grabmeier and E. Kaltofen and V. Weispfenning",
  year = 2003,
  comment = "long in prep",
  publisher = "Springer Verlag",
  pages = "36--38",
  nsf = "no",
}

%%% 2002 %%%

@Misc{DS02, 
  title = "Matrix of Rational Functions Rank Algorithms Analysis and accompanying programs",
  author = "C. Devore and D. Saunders",
  howpublished = "\url{http://www.math.kun.nl/canprijs.html}",
  year = 2002,
}

@Misc{WS02, 
  title = "Exact solution to large sparse integer linear systems",
  author = "Z. Wan and D. Saunders",
  meeting = ECCAD,
  year = 2002,
  place = "Brooklyn, NY",
}

@Misc{DS02,
  title = "GenBLAS: Basic Linear Algebra Subroutines in C++ over  Any Fields",
  author = "A. Duran and D. Saunders",
  meeting = ECCAD,
  year = 2002,
  place = "Brooklyn, NY",
  url = "http://www.lagcc.cuny.edu/Mathematics/ECCAD2002/duran.pdf",
}

%%Poster{DevS02, Rank}

@InProceedings{DGGG02,
  author = "Dumas and Gautier and Giesbrecht and Giorgi and Hovinen and Kaltofen and Saunders and Turner and Villard",
  title = "Linbox: A Generic Library for Exact Linear Algebra",
  booktitle = "Mathematical Software: ICMS 2002 (Proceedings of the first International Congress of Mathematical Software)",
  editor = "A. Cohen and X-S Gao and N. Takayama",
  comment = "a satelite conference to the International Congress of Mathematicians",
  place = "Beijing, China", 
  date = "August 17-19", 
  year =   "2002",
  publisher = "World Scientific",
  pages = "40--50",
  nsf = "yes",
}

@Article{CEKSTV02,
    title = "Efficient Matrix Preconditioners for Black Box Linear Algebra",
    author = "Chen, L. and Eberly, W. and Kaltofen, E. and Saunders, B. D. and Turner, W. J. and Villard, G.",
    journal =      LAA,
    year =         "2002",
    volume =       "343-344",
    pages =        "119-146",
  nsf = "yes",
} % Manuscript accepted August 2001 for LAA special issue,

%%% 2001 %%%
@InProceedings{Sau01,
  title =   "Black box methods for least squares problems",
  author = "B. D. Saunders",
  booktitle = ProcISSAC01,
  place = "London, Ontario, July 23--25", 
  year = 2001,
  publisher = "ACM Press",
  pages = "297--302",
  nsf = "no"
}

@Article{DSV01,
  title = "On efficient sparse integer matrix Smith normal form computations",
  author = "J-G. Dumas and B. D. Saunders and G. Villard",
  journal = JSC,
  volume = "32", 
  year = 2001,
  pages = "71--99",
  nsf = "no"
} % accepted 15 February 2001",

%%% 2000 %%%

@InProceedings{DSV00,
  title = "Integer Smith Form via the Valence: Experience with Large Sparse Matrices from Homology",
  author = "J-G. Dumas and B. D. Saunders and G. Villard",
  booktitle = ProcISSAC00,
  place = "St. Andrews, Scotland, August 6-9",
  year =   2000,
  publisher = "ACM Press",
  pages = "95--105",
  nsf = "no"
}

%@Article{CEKTSV00,
%%% 1998 %%%

@InProceedings{GLS98,
  title =   "Certifying Inconsistency of Sparse Linear Systems",
  author = "Giesbrecht and A. Lobo and B. D. Saunders",
  booktitle = ProcISSAC98,
  place = "Rostock, August 13-15", 
  year = 1998,
  publisher = "ACM Press",
  pages = "113--119",
  mote = "also poster at ISSAC '97",
  nsf = "yes",
}

%%% 1996 %%%

@Article{LS96,
  author = "{Lakshman Y. N.} and B. D. Saunders",
  title = "On Computing Sparse Shifts for Univariate Polynomials",
  journal = "J. of AAECC",
  volume = "7,5", 
  pages = "351--364",  
  year = "1996", 
  nsf = "yes",
} %  volume = 7, number = 5, 

%%% 1995 %%%

@Article{LS95a,
  title = "Sparse Polynomial Interpolation in Non-standard Bases",
  author = "{Lakshman Y. N.} and B. D. Saunders",
  journal = SIComp,
  volume = 24, 
  number = 2, 
  year = 1995, 
  pages = "387--397",
  nsf = "yes",
}

@Article{LS95b,
  title = "Fraction Free Gaussian Elimination For Sparse Matrices",
  author = "H. R. Lee and B. D. Saunders",
  journal = JSC,
  year = 1995,
  volume = 19, 
  pages = "393--402",
}

%%% 1994 %%%

@InProceedings{CJSW94,
  author = "B. Char and J. Johnson and B. D. Saunders and A. Wack",
  title  = "Some Experiments with Parallel Bignum Arithmetic",
  booktitle = "Proc. 1994 " # PASCO,
  place = "Linz, Austria, September 26-28, 1994", 
  publisher = "World Scientific", 
  year = 1994,
  pages = "94--103",
}
%PASCO '94 (First international Symposium on Parallel Symbolic Computation)
 
@InProceedings{LS94,
  author = "{Lakshman Y. N.} and B. D. Saunders",
  title  = "A Note on Computing Sparse Shifts for Univariate Polynomials",
  booktitle = ProcISSAC94,
  place = "Oxford, July 1994",
  year = 1994,
  pages = "108--113",
}
 
%%% 1991 %%%

@InProceedings{KS91,
  author =       "E. Kaltofen and B. D. Saunders",
  editor =       "H. F. Mattson and T. Mora and T. R. N. Rao",
  title =        "On {Wiedemann's} method of solving sparse linear systems",
  booktitle =    "Proc. AAECC-9",
  series =       SLNCS,
  volume =       "539",
  pages =        "29--38",
  publisher =    SpringerVerl,
  address =      Springeraddr,
  year =         "1991",
}

%%% 1990 %%%

@Article{KKS90,
  author =       "E. Kaltofen and M. S. Krishnamoorthy and B. D.
                 Saunders",
  title =        "Parallel algorithms for matrix normal forms",
  journal =      LAA,
  year =         "1990",
  volume =       "136",
  pages =        "189--208",
}

%%% 1989 %%%

@InProceedings{KKS89,
  author =       "E. Kaltofen and M. S. Krishnamoorthy and B. D.
                 Saunders",
  editor =       "J. H. Davenport",
  title =        "Mr. {Smith} goes to {Las Vegas}: Randomized parallel
                 computation of the {Smith} normal form of polynomial
                 matrices",
  booktitle =    "Proc. EUROCAL '87",
  series =       SLNCS,
  year =         "1989",
  volume =       "378",
  pages =        "317--322",
  publisher =    SpringerVerl,
  address =      Springeraddr,
  note =         "Journal version in~\cite{KKS90}",
}

%B. D. Saunders, Hong R. Lee, and S. Kamal Abdali,
%``A Parallel Implementation of the Cylindrical Algebraic Decomposition Algorithm
%,''
%The 1989 International Symposium on Symbolic and Algebraic Computation,
%Portland, Oregon, July 17, 1989. 298-307.

%%% 1987 %%%

@Article{KKS87,
  author =       "E. Kaltofen and M. S. Krishnamoorthy and B. D.
                 Saunders",
  title =        "Fast parallel computation of {Hermite} and {Smith}
                 forms of polynomial matrices",
  journal =      "SIAM J. Alg. Discrete Math.",
  year =         "1987",
  volume =       "8",
  pages =        "683--690",
}

%%% 1986 %%%

@InProceedings{KKS86,
  author =       "E. Kaltofen and M. S. Krishnamoorthy and B. D.
                 Saunders",
  title =        "Fast parallel algorithms for similarity of matrices",
  booktitle =    ProcSYMSAC86,
  pages =        "65--70",
  crossref =     "SYMSAC86",
  note =         "Journal version in \cite{KKS87} and \cite{KKS90}",
}

%%% 1985 %%%

@Article{AS85,
  author = "S. K. Abdali and B. D. Saunders",
  title = "Transitive Closure and Related Semiring Properties via Eliminants",
  journal = "Theoretical Computer Science",
  volume = 40, 
  pages = "257--274", 
  year = 1985,
}


@Article{CSS85,
  author = "B.F. Caviness and B. D. Saunders and M.F. Singer",
  title = "An Extension of {Liouville}'s Theorem on Integration in Finite Terms",
  journal = SIComp,
  volume = 14,
  pages = "966--990", 
  year = 1985,
}

@InProceedings{GS84,
  author = "N. Glinos and B. D. Saunders",
  title = "Operational Calculus Techniques for Solving Differential Equations",
  booktitle = "EUROSAM '84",
  year = 1984, 
  pages = "23--34",
}

%%% 1983 %%%

@Article{KMS83,
  title =
"A generalized class of polynomials that are hard to factor",
  author =       "E. Kaltofen and D. R. Musser and B. D. Saunders",
  journal =      SIComp,
  year =         "1983",
  volume =       "12",
  number =       "3",
  pages =        "473--485",
}
%  note =         "Also chapter 2.2 in~\cite{Ka82:thesis}",

%%% 1981 %%%

@InProceedings{KMS81,
  title =       
"A generalized class of polynomials that are hard to factor, extended abstract",
  author =       "E. Kaltofen and D. R. Musser and B. D. Saunders",
  booktitle =    ProcSYMSAC81,
  year =         "1981",
  pages =        "188--194",
  publisher =    "ACM",
  note =         "Journal version in~\cite{KMS83}",
}

@Article{BS81,
  author = "A. Berman and B. D. Saunders",
  title = "Matrices with Zero-line-sums and Maximal Rank",
  journal = LAA,
  volume = 40, 
  pages = "229--235", 
  year = 1981,
}
 

@InProceedings{CSS81,
  author = "B.F. Caviness and B. D. Saunders and M.F. Singer",
  title = "An Extension of {Liouville}'s Theorem on Integration in Finite Terms (extended abstract)",
  booktitle = ProcSYMSAC81,
  pages = "23--24", 
  year = 1981,
  note =         "Journal version in~\cite{CSS85}",
}

@InProceedings{Sau81,
  author = "B. D. Saunders",
  title = "An Implementation of {Kovacic}'s Algorithm for Solving Second Order Linear Homogeneous Differential Equations",
  booktitle =    ProcSYMSAC81,
  year =         "1981",
  publisher =    "ACM",
  pages = "105--108",
}

%%% 197O's %%%

@Article{SS79gs,
  author = "B. D. Saunders and Hans Schneider",
  title = "Applications of the {Gordan}-{Stiemke} Theorem in Combinatorial Matrix Theory",
  journal = "SIAM Review",
  volume = 21,
  pages = "528--541", 
  year = 1979,
}


@Article{SS79cg,
  author = "B. D. Saunders and Hans Schneider",
  title = "Cones, Graphs and Optimal Scalings of Matrices",
  journal = "Linear and Multilinear Algebra",
  volume = 8,
  pages = "121--135", 
  year = 1979,
}


@Article{SS78,
  author = "B. D. Saunders and Hans Schneider",
  title = "Flows on Graphs Applied to Diagonal Similarity and Diagonal Equivalence for Matrices",
  journal = "Discrete Mathematics",
  volume = 24,
  pages = "205--220", 
  year = 1978,
}


@Article{CSS77,
  author = "B. E. Cain and B. D. Saunders and Hans Schneider",
  title = "On the Geometry of Dual Pairs",
  journal = "Studies in Appl. Math.",
  volume = 56, 
  pages = "71--79", 
  year = 1977,
}

@Article{Sau77,
  author = "B. D. Saunders",
  title = "A Condition for the Convexity of the Norm-numerical Range of a Matrix",
  journal = LAA,
  volume = 16,
  pages = "167--175", 
  year = 1977,
}

@Article{SS76,
  author = "B. D. Saunders and Hans Schneider",
  title = "A Symmetric Numerical Range for Matrices",
  journal = "Numerische Math.",
  volume = 26, 
  pages = "99--105", 
  year = 1976,
}

%\begin{center} 
%{\bf Other Conference Papers and Technical Reports}
%\end{center}
%\begin{quote}
%%\vspace*{.1in}
%
%M. W. Giesbrecht and B. D. Saunders,
%``Solving parametric linear systems''
%Paper presented at 
%The Seventh Conference of the International Linear Algebra Society (ILAS '98), 
%Madison, June 3-6, 1998.
%%(Proceedings are to appear as a special issue of Linear Algebra and It's Applications).
%\vspace*{.1in}
%
%M. W. Giesbrecht and B. D. Saunders,
%``Parametric Linear Systems, the bivariate case,''
%Poster presentation,
%The 1997 International Symposium on Symbolic and Algebraic Computation,
%(ISSAC '97), Maui, July 21-23, 1997.
%\vspace*{.1in}
%
%M. W. Giesbrecht, B. D. Saunders, and A. Lobo,
%``A fast certificate of inconsistency for large sparse linear systems''
%Poster presentation,
%The 1997 International Symposium on Symbolic and Algebraic Computation,
%(ISSAC '97), Maui, July 21-23, 1997.
%\vspace*{.1in}
%
%``Parameter $<>$ Indeterminate,''
%Poster presentation,
%East Coast Computer Algebra Day (ECCAD '97),
%Boston, May 3, 1997.
%\vspace*{.1in}
%
%Lakshman Y. N. and B. D. Saunders,
%``Sparse Polynomial Interpolation in Non-standard Bases''.
%U. of Delaware Department of Computer and Information Sciences 
%Technical Report CIS TR 93-11 (superceded by subsequent publication).
%\vspace*{.1in}
%
%``Distributed Computation of Minor Expansions'', with B. M. Char
%and R.H. Shtokhamer.  Drexel Department of Mathematics and
%Computer Science Technical Report MCS-91-2.
%\vspace*{.1in}
%
%``On Scheduling Algebraic Algorithms for Parallel Execution,''
%with Hong R. Lee and Ruth Shtokhamer,
%U. of Delaware Department of Computer and Information Sciences 
%Technical Report CIS TR-9015.
%
%B. D. Saunders, Hong R. Lee, and S. Kamal Abdali,
%``A Parallel Implementation of the Cylindrical Algebraic Decomposition Algorithm,''
%U. of Delaware Center for Mathematical Computation Technical Report 
%CMC-8901 (superceded by subsequent publication).
%
%B. D. Saunders,
%``Matrix Computations in Computer Algebra Systems,''
%U. of Delaware Center for Mathematical Computation Technical Report 
%CMC-8808.
%
%E. Kaltofen, M. Krishnamoorthy, and B. D. Saunders,
%``Randomized Parallel Computation of the Smith Normal Form 
%of Polynomial Matrices,''
%U. of Delaware Center for Mathematical Computation Technical Report 
%CMC-8702 (superceded by subsequent publication in {\it EUROCAL '87}).  
%
%A. Kandri Rody and B. D. Saunders,
%``Primality of Ideals in Polynomial Rings,''
%{\it Proceedings of the 1984 MACSYMA Users Conference},
%1984, 459-471.
%
%S. Agnarsson, A. Kandri Rody, D. Kapur, P. Narendran, and B. D. Saunders,
%``Complexity of Testing Whether a Polynomial Ideal is Nontrivial,''
%{\it Proceedings of the 1984 MACSYMA Users Conference},
%1984, 452-458.
% 
% For BibTeX you must insert a file with cross references here
% <a href="crossrefs.bib">crossrefs.bib</a>
%</pre></BODY></HTML>

%%%%%%%%%%%%%%%%%
%%%           %%%
%%% CROSSREFS %%%
%%%           %%%
%%%%%%%%%%%%%%%%%
% must use in conjunction with file strings.bib
% ( \bibliography{strings,...,....,crossrefs} )
@Proceedings{EUROSAM84,
  title =        "{EUROSAM} 84 Internat. Symp. Symbolic Algebraic
                 Comput. Proc.",
  editor =       "J. Fitch",
  series =       SLNCS,
  year =         "1984",
  publisher =    SpringerVerl,
  address =      Springeraddr,
}

@Proceedings{EUROCAL85,
  title =        "{EUROCAL} 85 European Conf. Comput. Algebra Proc. Vol.
                 2",
  editor =       "B. F. Caviness",
  series =       SLNCS,
  year =         "1985",
  publisher =    SpringerVerl,
  address =      Springeraddr,
}

@Proceedings{SYMSAC86,
  title =        "Proc. 1986 Symp. Symbolic Algebraic Comput. Symsac
                 '86",
  editor =       "B. W. Char",
  publisher =    "ACM",
  year =         "1986",
  address =      "New York, N. Y.",
}

@Proceedings{ISSAC91,
  title =        ProcISSAC91,
  editor =       "S. M. Watt",
  publisher =    "ACM Press",
  year =         "1991",
  address =      "New York, N. Y.",
}

@Proceedings{ISSAC92,
  title =        ProcISSAC92,
  editor =       "P. S. Wang",
  publisher =    "ACM Press",
  year =         "1992",
  address =      "New York, N. Y.",
}

@Proceedings{ISSAC94,
  title =        ProcISSAC94,
  key =          "ISSAC'94",
  publisher =    "ACM Press",
  year =         "1994",
  address =      "New York, N. Y.",
}

@Proceedings{PASCO94,
  title =        "First " # PASCO # " '94",
  editor =       "H. Hong",
  publisher =    "World Scientific Publishing Co.",
  address =      "Singapore",
  year =         "1994",
}

@Proceedings{ISSAC95,
  title =        ProcISSAC95,
  editor =       "A. H. M. Levelt",
  publisher =    "ACM Press",
  year =         "1995",
  address =      "New York, N.~Y.",
}

@Proceedings{ISSAC96,
  title =        ProcISSAC96,
  editor =       "{Lakshman Y. N.}",
  publisher =    "ACM Press",
  year =         "1996",
  address =      "New York, N. Y.",
}

@Proceedings{ISSAC97,
  title =        ProcISSAC97,
  editor =       Kuechlin,
  publisher =    "ACM Press",
  year =         "1997",
  address =      "New York, N. Y.",
  isbn =         "0-89791-875-4",
}

@Proceedings{PASCO97,
  title =        "Second " # PASCO # " '97",
  editor =       "M. Hitz and E. Kaltofen",
  publisher =    "ACM Press",
  address =      "New York, N. Y.",
  year =         "1997",
  isbn =         "0-89791-951-3",
}

@Proceedings{ISSAC98,
  title =        ProcISSAC98,
  editor =       "O. Gloor",
  publisher =    "ACM Press",
  year =         "1998",
  address =      "New York, N. Y.",
  isbn =         "1-58113-002-3",
}

@Proceedings{ISSAC99,
  title =        ProcISSAC99,
  editor =       "S. Dooley",
  publisher =    "ACM Press",
  year =         "1999",
  address =      "New York, N. Y.",
  isbn =         "1-58113-073-2",
}

@Proceedings{ISSAC00,
  title =        ProcISSAC00,
  editor =       "C. Traverso",
  publisher =    "ACM Press",
  year =         "2000",
  address =      "New York, N. Y.",
  isbn =         "1-58113-218-2",
}

@Proceedings{ISSAC01,
  title =        ProcISSAC00,
  editor =       "B. Mourrain",
  publisher =    "ACM Press",
  year =         "2001",
  address =      "New York, N. Y.",
  isbn =         "1-58113-???-?",
}
